<record><header><identifier>oai:alma.41SLSP_UGE:991000021569705502</identifier><datestamp>2023-03-01T01:09:06Z</datestamp><setSpec>uge_bcen_RapidILL_BOOK</setSpec><setSpec>uge_aaca_RapidILL_BOOK</setSpec><setSpec>uge_abels_RapidILL_BOOK</setSpec><setSpec>uge_dbu_RapidILL_BOOK</setSpec><setSpec>uge_cmu_RapidILL_BOOK</setSpec><setSpec>uge_mail_RapidILL_BOOK</setSpec><setSpec>UNIGE_ALL</setSpec><setSpec>uge_abbat_RapidILL_BOOK</setSpec><setSpec>uge_aobs_RapidILL_BOOK</setSpec><setSpec>uge_acar_RapidILL_BOOK</setSpec></header><metadata>
<record xmlns="http://www.loc.gov/MARC21/slim" xmlns:xsi="http://www.w3.org/2001/XMLSchema-instance" xsi:schemaLocation="http://www.loc.gov/MARC21/slim http://www.loc.gov/standards/marcxml/schema/MARC21slim.xsd"><leader>01747nam a2200277 c 4500</leader><controlfield tag="001">991000021569705502</controlfield><controlfield tag="005">20211022202848.0</controlfield><controlfield tag="007">co |g|||||||||</controlfield><controlfield tag="008">091008s2009    sz ||||| m||| 00| ||eng d</controlfield><datafield ind1=" " ind2=" " tag="035"><subfield code="a">(swissbib)108499979-41slsp_network</subfield></datafield><datafield ind1=" " ind2=" " tag="035"><subfield code="a">108499979</subfield><subfield code="9">ExL</subfield></datafield><datafield ind1=" " ind2=" " tag="035"><subfield code="a">(RERO)R005183396-41slsp</subfield></datafield><datafield ind1=" " ind2=" " tag="035"><subfield code="a">(EXLNZ-41SLSP_NETWORK)991089003219705501</subfield></datafield><datafield ind1=" " ind2=" " tag="040"><subfield code="a">RERO geheid</subfield><subfield code="d">CH-ZuSLS</subfield></datafield><datafield ind1=" " ind2=" " tag="044"><subfield code="a">sz</subfield><subfield code="c">ch-ge</subfield></datafield><datafield ind1=" " ind2="7" tag="072"><subfield code="a">sp</subfield><subfield code="2">rero</subfield></datafield><datafield ind1="1" ind2=" " tag="100"><subfield code="a">Eznack, Lucile</subfield><subfield code="d">19..-....</subfield><subfield code="0">(IDREF)251508099</subfield><subfield code="4">cre</subfield></datafield><datafield ind1="1" ind2="0" tag="245"><subfield code="a">&lt;&lt;The&gt;&gt; backstabber forgiven?</subfield><subfield code="b">repair processes in inter-state alliances</subfield><subfield code="c">by Lucile Eznack</subfield></datafield><datafield ind1=" " ind2="1" tag="264"><subfield code="a">Genève</subfield><subfield code="b">Institut de Hautes Etudes Internationales et du Développement</subfield><subfield code="c">2009</subfield></datafield><datafield ind1=" " ind2=" " tag="300"><subfield code="a">404 p. + 1 CD-ROM</subfield><subfield code="b">ill.</subfield></datafield><datafield ind1=" " ind2=" " tag="336"><subfield code="b">txt</subfield><subfield code="2">rdacontent</subfield></datafield><datafield ind1=" " ind2=" " tag="337"><subfield code="b">n</subfield><subfield code="2">rdamedia</subfield></datafield><datafield ind1=" " ind2=" " tag="338"><subfield code="b">nc</subfield><subfield code="2">rdacarrier</subfield></datafield><datafield ind1=" " ind2=" " tag="502"><subfield code="a">Th. Univ. Genève, 2009 ; IHEID 820</subfield></datafield><datafield ind1=" " ind2=" " tag="508"><subfield code="a">Directeur de thèse: Professeur David Sylvan</subfield></datafield><datafield ind1="8" ind2=" " tag="520"><subfield code="a">In this thesis, I developed on the notion of relational repair between close allies after a serious dispute. I focused particularly on the ways in which close allies, such as members of the Atlantic alliance, can or cannot make a high degree of relational repair possible between them at the end of such disputes. My conclusions state that relational repair can become possible to a high degree between close allies after a serious dispute only if the injuring act, that is, the action that had led to a perception of injury from the offended party, and so to the dispute, is undone. If it is not the case, relaitonal repair may be possible between the countries concerned at the end of the dispute, but to a much lower degree, making the relational repair process afterwards longer and more difficult</subfield><subfield code="5">RERO/geudbu/10.2009</subfield></datafield><datafield ind1=" " ind2=" " tag="900"><subfield code="a">REROnoselfmerge</subfield></datafield></record>
</metadata></record>