<record><header><identifier>oai:alma.41SLSP_UGE:991000021259705502</identifier><datestamp>2024-06-01T00:17:20Z</datestamp><setSpec>uge_bcen_RapidILL_BOOK</setSpec><setSpec>uge_aaca_RapidILL_BOOK</setSpec><setSpec>uge_abels_RapidILL_BOOK</setSpec><setSpec>uge_dbu_RapidILL_BOOK</setSpec><setSpec>uge_cmu_RapidILL_BOOK</setSpec><setSpec>uge_mail_RapidILL_BOOK</setSpec><setSpec>uge_abbat_RapidILL_BOOK</setSpec><setSpec>UNIGE_ALL</setSpec><setSpec>uge_aobs_RapidILL_BOOK</setSpec><setSpec>uge_acar_RapidILL_BOOK</setSpec></header><metadata>
<record xmlns="http://www.loc.gov/MARC21/slim" xmlns:xsi="http://www.w3.org/2001/XMLSchema-instance" xsi:schemaLocation="http://www.loc.gov/MARC21/slim http://www.loc.gov/standards/marcxml/schema/MARC21slim.xsd"><leader>04010nam a2200421 c 4500</leader><controlfield tag="001">991000021259705502</controlfield><controlfield tag="005">20230702063414.0</controlfield><controlfield tag="008">201011s1997    lu ||||| |||| 00| ||eng d</controlfield><datafield ind1=" " ind2=" " tag="020"><subfield code="a">928282098X</subfield></datafield><datafield ind1=" " ind2=" " tag="035"><subfield code="a">(swissbib)232104603-41slsp_network</subfield></datafield><datafield ind1=" " ind2=" " tag="035"><subfield code="a">232104603</subfield><subfield code="9">ExL</subfield></datafield><datafield ind1=" " ind2=" " tag="035"><subfield code="a">(RERO)R227635960-41slsp</subfield></datafield><datafield ind1=" " ind2=" " tag="035"><subfield code="a">(IDSSG)000175703HSB01</subfield></datafield><datafield ind1=" " ind2=" " tag="035"><subfield code="a">(EXLNZ-41SLSP_NETWORK)991072710629705501</subfield></datafield><datafield ind1=" " ind2=" " tag="040"><subfield code="a">RERO geuses</subfield><subfield code="d">CH-ZuSLS</subfield></datafield><datafield ind1=" " ind2="7" tag="072"><subfield code="a">se</subfield><subfield code="2">rero</subfield></datafield><datafield ind1=" " ind2=" " tag="084"><subfield code="a">CA/CE 44 g</subfield><subfield code="2">cjurrom</subfield></datafield><datafield ind1="0" ind2="0" tag="245"><subfield code="a">Towards a common agricultural and rural policy for Europe</subfield><subfield code="c">European Commission, Directorate-General for Economic and Financial Affairs</subfield></datafield><datafield ind1=" " ind2="1" tag="264"><subfield code="a">Luxembourg</subfield><subfield code="b">Office for Official Publications of the European Communities</subfield><subfield code="c">1997</subfield></datafield><datafield ind1=" " ind2=" " tag="300"><subfield code="a">VI, 99 p.</subfield><subfield code="b">ill.</subfield><subfield code="c">30 cm</subfield></datafield><datafield ind1=" " ind2=" " tag="336"><subfield code="b">txt</subfield><subfield code="2">rdacontent</subfield></datafield><datafield ind1=" " ind2=" " tag="337"><subfield code="b">n</subfield><subfield code="2">rdamedia</subfield></datafield><datafield ind1=" " ind2=" " tag="338"><subfield code="b">nc</subfield><subfield code="2">rdacarrier</subfield></datafield><datafield ind1="1" ind2=" " tag="490"><subfield code="a">European economy. Reports and studies</subfield><subfield code="v">1997, no. 5</subfield></datafield><datafield ind1="2" ind2="7" tag="610"><subfield code="a">Union européenne</subfield><subfield code="0">(IDREF)032486324</subfield><subfield code="2">idref</subfield></datafield><datafield ind1="2" ind2="7" tag="610"><subfield code="a">Europäische Union</subfield><subfield code="0">(DE-588)5098525-5</subfield><subfield code="2">gnd</subfield></datafield><datafield ind1=" " ind2="7" tag="650"><subfield code="a">Politique agricole</subfield><subfield code="0">(IDREF)027744175</subfield><subfield code="2">idref</subfield></datafield><datafield ind1=" " ind2="7" tag="650"><subfield code="a">Économie rurale</subfield><subfield code="0">(IDREF)15138570X</subfield><subfield code="2">idref</subfield></datafield><datafield ind1=" " ind2="7" tag="650"><subfield code="a">Agrarpolitik</subfield><subfield code="0">(DE-588)4000771-6</subfield><subfield code="2">gnd</subfield></datafield><datafield ind1=" " ind2=" " tag="690"><subfield code="a">Agrarpolitik[100]; Gap[68]; Umweltbelastung[59]; Umweltmanagement[54]; Entwicklungspolitik[44]; Regulierung[44]; Entwicklungshilfe[40]; Agrarökonomie[39]; Umweltauflage[36]; Europapolitik[34]; Agrarsoziologie[28]; Kosten[17]; Landwirtschaft[17]; Finanzierung[14]; Haushalt[11]; Verteilung[11]; Markt[9]; Element[8]; Handelsabkommen[8]; Aspekt[8]; Indiz[8]; Wert[8]; Ausgleichszahlung[7]; Begründung[7]; Genehmigung[7]; Kontrolle[7]; Liberalisierung[7]; Marktuntersuchung[7]; Agrareinkommen[5]; Budget[5]; Gehalt (Lohn)</subfield><subfield code="2">idssg-J</subfield></datafield><datafield ind1=" " ind2=" " tag="690"><subfield code="a">Budgetkosten; EU-Agrarpolitik; Kofinanzierung; Marktstabilisierung; Naturwert; Versorgungskontrolle; Verteilungsaspekt; Übergangsanpassungshilfe; Lebensmittelkosten; Agrarumweltbelastung; Gapmarkt; Hauptelement; Landfläche; Präferenzhandelsabkommen; Stabilisierungsmethode; Expertengruppe; Fachwissen; Generaldirektion; Getreideerzeuger; Kommissionsdienststelle; Landwirtschaftssystem; Lebensmittelkonsument; Lebensmittelqualität; Mitgliedstaat; Risikoposition; Schlussfolgerunge; Supportvorsprung; Umweltbelang; Umweltmanagementpraktik; Uruguayrunde; Änderungsvorschlag</subfield><subfield code="2">idssg-J</subfield></datafield><datafield ind1=" " ind2=" " tag="690"><subfield code="a">durchschnittliches Einkommen; genutzte Fläche; politische Institution; abschließende Bemerkung; administrative Institution; agrarpolitische Frage; allgemeines Ungleichgewicht; ausgewählter Mitgliedstaat; durchgeführte Studie; europäische Kommission; europäische Union; gemeinsam Agrar; gemeinsame Agrarpolitik; gemeinsame Landwirtschaft; gesetzlich PPP; gesetzlicher Umweltstandard; hoher Naturwert; hoher Preis; inländische Unzufriedenheit; landwirtschaftliches Einkommen; landwirtschaftliche Entwicklungshilfe; landwirtschaftliche Fläche; landwirtschaftlicher Haushalt; landwirtschaftliche Struktur; laufende Debatte; ländliche Marktanalyse; ländliche Politik; ländlicher Raum; ländliche Soziologie; ländliche Umwelt; nützliche Auswirkung; offizielle Position; politischer Hintergrund; politische Ökonomie; strukturelle Agrarumwelt; strukturelle Entwicklungspolitik; tier2spezifische Umweltmanagementpraktik; umweltschädigende Auswirkung; verfügbares Einkommen; weitere Ausarbeitung; öffentliche Stabilisierung</subfield><subfield code="2">idssg-J</subfield></datafield><datafield ind1=" " ind2=" " tag="690"><subfield code="a">Frankreich C4EUFR; Europa C4E; EU C4EU; Uruguay C3URUG</subfield><subfield code="2">idssg-J</subfield></datafield><datafield ind1="2" ind2=" " tag="710"><subfield code="a">Europäische Kommission</subfield><subfield code="b">Generaldirektion Wirtschaft und Finanzen</subfield><subfield code="0">(DE-588)2016074-4</subfield></datafield><datafield ind1="2" ind2=" " tag="710"><subfield code="a">Union européenne</subfield><subfield code="b">Direction générale des affaires économiques et financières</subfield><subfield code="0">(IDREF)035420251</subfield></datafield><datafield ind1="4" ind2=" " tag="856"><subfield code="u">https://tools.unisg.ch/url/hm00563228</subfield><subfield code="z">Inhaltsverzeichnis</subfield></datafield><datafield ind1=" " ind2="0" tag="830"><subfield code="a">European economy</subfield><subfield code="p">Reports and studies</subfield><subfield code="v">1997,5</subfield><subfield code="w">(RERO)1724282-41slsp</subfield></datafield><datafield ind1=" " ind2="0" tag="830"><subfield code="a">European economy</subfield><subfield code="p">Reports and studies</subfield><subfield code="v">1997/5</subfield><subfield code="w">(IDSSG)000069898HSB01</subfield></datafield><datafield ind1=" " ind2=" " tag="949"><subfield code="a">https://tools.unisg.ch/url/hm00563228</subfield></datafield></record>
</metadata></record>