<record><header><identifier>oai:alma.41SLSP_UGE:991000020629705502</identifier><datestamp>2023-10-02T00:46:15Z</datestamp><setSpec>uge_bcen_RapidILL_BOOK</setSpec><setSpec>uge_aaca_RapidILL_BOOK</setSpec><setSpec>uge_abels_RapidILL_BOOK</setSpec><setSpec>uge_dbu_RapidILL_BOOK</setSpec><setSpec>uge_cmu_RapidILL_BOOK</setSpec><setSpec>uge_mail_RapidILL_BOOK</setSpec><setSpec>uge_abbat_RapidILL_BOOK</setSpec><setSpec>UNIGE_ALL</setSpec><setSpec>uge_acar_RapidILL_BOOK</setSpec><setSpec>uge_aobs_RapidILL_BOOK</setSpec></header><metadata>
<record xmlns="http://www.loc.gov/MARC21/slim" xmlns:xsi="http://www.w3.org/2001/XMLSchema-instance" xsi:schemaLocation="http://www.loc.gov/MARC21/slim http://www.loc.gov/standards/marcxml/schema/MARC21slim.xsd"><leader>01315naa a2200301 c 4500</leader><controlfield tag="001">991000020629705502</controlfield><controlfield tag="005">20210206210941.0</controlfield><controlfield tag="008">080229s2008    gw ||||| |||| 00| ||eng d</controlfield><datafield ind1=" " ind2=" " tag="035"><subfield code="a">(swissbib)106468685-41slsp_network</subfield></datafield><datafield ind1=" " ind2=" " tag="035"><subfield code="a">106468685</subfield><subfield code="9">ExL</subfield></datafield><datafield ind1=" " ind2=" " tag="035"><subfield code="a">(RERO)R004655060-41slsp</subfield></datafield><datafield ind1=" " ind2=" " tag="035"><subfield code="a">(EXLNZ-41SLSP_NETWORK)991040027809705501</subfield></datafield><datafield ind1=" " ind2=" " tag="040"><subfield code="a">RERO geussc</subfield><subfield code="d">CH-ZuSLS</subfield></datafield><datafield ind1=" " ind2="7" tag="072"><subfield code="a">ch</subfield><subfield code="2">rero</subfield></datafield><datafield ind1="0" ind2="0" tag="245"><subfield code="a">Chromatographic approaches for measuring log P</subfield><subfield code="c">Sophie Martel ... [et al.]</subfield></datafield><datafield ind1=" " ind2=" " tag="336"><subfield code="b">txt</subfield><subfield code="2">rdacontent</subfield></datafield><datafield ind1=" " ind2=" " tag="337"><subfield code="b">n</subfield><subfield code="2">rdamedia</subfield></datafield><datafield ind1=" " ind2=" " tag="338"><subfield code="b">nc</subfield><subfield code="2">rdacarrier</subfield></datafield><datafield ind1=" " ind2=" " tag="508"><subfield code="a">Autres auteurs: Davy Guillarme, Yveline Henchoz, Alexandra Galland, Jean-Luc Veuthey, Serge Rudaz et Pierre-Alain Carupt</subfield></datafield><datafield ind1=" " ind2=" " tag="580"><subfield code="a">In: Molecular drug properties : measurement and prediction / ed. by Raimund Mannhold. - Weinheim : Wiley-VCH, 2008. - P. 331-355</subfield></datafield><datafield ind1="1" ind2=" " tag="700"><subfield code="a">Martel, Sophie</subfield><subfield code="d">1976-</subfield><subfield code="0">(IDREF)132134489</subfield></datafield><datafield ind1="1" ind2=" " tag="700"><subfield code="a">Guillarme, Davy</subfield><subfield code="d">1978-....</subfield><subfield code="0">(IDREF)084318554</subfield></datafield><datafield ind1="1" ind2=" " tag="700"><subfield code="a">Henchoz, Yveline</subfield><subfield code="0">(RERO)A011614637</subfield></datafield><datafield ind1="1" ind2=" " tag="700"><subfield code="a">Galland, Alexandra</subfield><subfield code="0">(RERO)A011017337</subfield></datafield><datafield ind1="1" ind2=" " tag="700"><subfield code="a">Veuthey, Jean-Luc</subfield><subfield code="0">(IDREF)187078289</subfield></datafield><datafield ind1="1" ind2=" " tag="700"><subfield code="a">Rudaz, Serge</subfield><subfield code="0">(IDREF)15687752X</subfield></datafield><datafield ind1="1" ind2=" " tag="700"><subfield code="a">Carrupt, Pierre-Alain</subfield><subfield code="d">19..-....</subfield><subfield code="0">(IDREF)15888602X</subfield></datafield><datafield ind1="0" ind2=" " tag="773"><subfield code="t">Molecular drug properties : measurement and prediction</subfield><subfield code="g">331</subfield><subfield code="w">(RERO)R004675203-41slsp</subfield></datafield><datafield ind1=" " ind2=" " tag="900"><subfield code="a">REROnoselfmerge</subfield></datafield></record>
</metadata></record>