<record><header><identifier>oai:alma.41SLSP_UGE:991000020939705502</identifier><datestamp>2024-03-20T02:22:13Z</datestamp><setSpec>uge_bcen_RapidILL_BOOK</setSpec><setSpec>uge_aaca_RapidILL_BOOK</setSpec><setSpec>uge_abels_RapidILL_BOOK</setSpec><setSpec>uge_dbu_RapidILL_BOOK</setSpec><setSpec>uge_cmu_RapidILL_BOOK</setSpec><setSpec>uge_mail_RapidILL_BOOK</setSpec><setSpec>uge_abbat_RapidILL_BOOK</setSpec><setSpec>UNIGE_ALL</setSpec><setSpec>uge_acar_RapidILL_BOOK</setSpec><setSpec>uge_aobs_RapidILL_BOOK</setSpec></header><metadata>
<record xmlns="http://www.loc.gov/MARC21/slim" xmlns:xsi="http://www.w3.org/2001/XMLSchema-instance" xsi:schemaLocation="http://www.loc.gov/MARC21/slim http://www.loc.gov/standards/marcxml/schema/MARC21slim.xsd"><leader>01816naa a2200325 c 4500</leader><controlfield tag="001">991000020939705502</controlfield><controlfield tag="005">20240319224000.0</controlfield><controlfield tag="008">140327s1842    sz ||||| |||| 00| ||fre d</controlfield><datafield ind1=" " ind2=" " tag="035"><subfield code="a">(swissbib)105801518-41slsp_network</subfield></datafield><datafield ind1=" " ind2=" " tag="035"><subfield code="a">105801518</subfield><subfield code="9">ExL</subfield></datafield><datafield ind1=" " ind2=" " tag="035"><subfield code="a">(RERO)R004542767-41slsp</subfield></datafield><datafield ind1=" " ind2=" " tag="035"><subfield code="a">(EXLNZ-41SLSP_NETWORK)991070400079705501</subfield></datafield><datafield ind1=" " ind2=" " tag="040"><subfield code="a">RERO gevmhn</subfield><subfield code="d">CH-ZuSLS</subfield></datafield><datafield ind1=" " ind2=" " tag="044"><subfield code="a">sz</subfield><subfield code="c">ch-ne</subfield></datafield><datafield ind1=" " ind2="7" tag="072"><subfield code="a">zo</subfield><subfield code="2">rero</subfield></datafield><datafield ind1="1" ind2=" " tag="100"><subfield code="a">Nicolet, Hercule</subfield><subfield code="d">1801-1872</subfield><subfield code="0">(IDREF)061639214</subfield><subfield code="4">cre</subfield></datafield><datafield ind1="1" ind2="0" tag="245"><subfield code="a">Recherches pour servir à l'histoire des podurelles</subfield><subfield code="c">par H. Nicolet</subfield></datafield><datafield ind1=" " ind2=" " tag="336"><subfield code="b">txt</subfield><subfield code="2">rdacontent</subfield></datafield><datafield ind1=" " ind2=" " tag="337"><subfield code="b">n</subfield><subfield code="2">rdamedia</subfield></datafield><datafield ind1=" " ind2=" " tag="338"><subfield code="b">nc</subfield><subfield code="2">rdacarrier</subfield></datafield><datafield ind1=" " ind2=" " tag="500"><subfield code="a">Texte, gravure (part.) et lithographie par Hercule Nicolet</subfield></datafield><datafield ind1=" " ind2=" " tag="500"><subfield code="a">Errata (P. 88)</subfield></datafield><datafield ind1=" " ind2=" " tag="500"><subfield code="a">Ill. lith. en coul. num. 1-9, sign. &quot;Auctor ad. nat. del. et sculp.&quot; (Pl. 1-4), &quot;[Gr. p.] A. Sonrel d'ap. les dess. de l'auteur&quot; (Pl. 5-9) et &quot;Lith. de Nicolet et Jeanjaquet à Neuchâtel (Suisse)&quot; (Pl. 1-9)</subfield></datafield><datafield ind1=" " ind2=" " tag="500"><subfield code="a">Existe sous la forme d'un tiré à part, daté 1841. - Neuchâtel : imprimerie de Petitpierre. - in-folio ; muni de la mention : &quot;Extrait du 6e volume des &quot;Nouveaux mémoires ...&quot;&quot;, et d'un faux-titre portant : &quot;Recherches sur les podurelles&quot;</subfield></datafield><datafield ind1=" " ind2=" " tag="580"><subfield code="a">In: Nouveaux mémoires de la Société helvétique des sciences naturelles. - Neuchâtel. - 6(1842), 88 p., IX f. de pl.</subfield></datafield><datafield ind1=" " ind2="7" tag="650"><subfield code="a">Biologie animale</subfield><subfield code="0">(IDREF)027270602</subfield><subfield code="2">idref</subfield></datafield><datafield ind1=" " ind2="7" tag="650"><subfield code="a">Aptérygotes</subfield><subfield code="0">(IDREF)02782750X</subfield><subfield code="2">idref</subfield></datafield><datafield ind1="1" ind2=" " tag="700"><subfield code="a">Jeanjaquet, Gustave</subfield><subfield code="0">(RERO)A024226738</subfield></datafield><datafield ind1="1" ind2=" " tag="700"><subfield code="a">Sonrel, Antoine</subfield><subfield code="d">18..-1879</subfield><subfield code="0">(IDREF)190555262</subfield></datafield><datafield ind1="0" ind2=" " tag="773"><subfield code="t">Neue Denkschriften der Allgemeinen Schweizerischen Gesellschaft für die Gesammten Naturwissenschaften = Nouveaux mémoires de la Société helvétique des sciences naturelles</subfield><subfield code="g">1842</subfield><subfield code="g">yr:1842</subfield><subfield code="w">(RERO)0292377-41slsp</subfield></datafield><datafield ind1=" " ind2=" " tag="900"><subfield code="a">REROswissbibnomerge</subfield></datafield></record>
</metadata></record>