<record><header><identifier>oai:alma.41SLSP_UGE:991000020649705502</identifier><datestamp>2023-06-27T00:15:44Z</datestamp><setSpec>uge_bcen_RapidILL_BOOK</setSpec><setSpec>uge_aaca_RapidILL_BOOK</setSpec><setSpec>uge_abels_RapidILL_BOOK</setSpec><setSpec>uge_dbu_RapidILL_BOOK</setSpec><setSpec>uge_cmu_RapidILL_BOOK</setSpec><setSpec>uge_mail_RapidILL_BOOK</setSpec><setSpec>uge_abbat_RapidILL_BOOK</setSpec><setSpec>UNIGE_ALL</setSpec><setSpec>uge_aobs_RapidILL_BOOK</setSpec><setSpec>uge_acar_RapidILL_BOOK</setSpec></header><metadata>
<record xmlns="http://www.loc.gov/MARC21/slim" xmlns:xsi="http://www.w3.org/2001/XMLSchema-instance" xsi:schemaLocation="http://www.loc.gov/MARC21/slim http://www.loc.gov/standards/marcxml/schema/MARC21slim.xsd"><leader>01031nam a2200301 c 4500</leader><controlfield tag="001">991000020649705502</controlfield><controlfield tag="005">20230625140000.0</controlfield><controlfield tag="008">060405s2003    xxu||||| |||| 00| ||eng d</controlfield><datafield ind1=" " ind2=" " tag="020"><subfield code="a">0830817816</subfield><subfield code="q">USA hardcover</subfield></datafield><datafield ind1=" " ind2=" " tag="020"><subfield code="a">0851119867</subfield><subfield code="q">UK hardcover</subfield></datafield><datafield ind1=" " ind2=" " tag="020"><subfield code="a">9780830817818</subfield><subfield code="q">USA hardcover</subfield></datafield><datafield ind1=" " ind2=" " tag="020"><subfield code="a">9780851119861</subfield><subfield code="q">UK hardcover</subfield></datafield><datafield ind1=" " ind2=" " tag="035"><subfield code="a">(swissbib)103458468-41slsp_network</subfield></datafield><datafield ind1=" " ind2=" " tag="035"><subfield code="a">103458468</subfield><subfield code="9">ExL</subfield></datafield><datafield ind1=" " ind2=" " tag="035"><subfield code="a">(RERO)R004103686-41slsp</subfield></datafield><datafield ind1=" " ind2=" " tag="035"><subfield code="a">(EXLNZ-41SLSP_NETWORK)991161124959705501</subfield></datafield><datafield ind1=" " ind2=" " tag="040"><subfield code="a">RERO geuth-</subfield><subfield code="d">CH-ZuSLS</subfield></datafield><datafield ind1=" " ind2="7" tag="072"><subfield code="a">th</subfield><subfield code="2">rero</subfield></datafield><datafield ind1="1" ind2=" " tag="080"><subfield code="a">22(031)</subfield></datafield><datafield ind1="0" ind2="0" tag="245"><subfield code="a">Dictionary of the Old Testament</subfield><subfield code="b">Pentateuch</subfield><subfield code="c">editors: T. Desmond Alexander, David W. Baker</subfield></datafield><datafield ind1=" " ind2="1" tag="264"><subfield code="a">Downers Grove, Ill.</subfield><subfield code="b">InterVarsity Press</subfield><subfield code="c">[2003]</subfield></datafield><datafield ind1=" " ind2="4" tag="264"><subfield code="c">© 2003</subfield></datafield><datafield ind1=" " ind2=" " tag="300"><subfield code="a">xxii, 954 p.</subfield><subfield code="b">maps</subfield><subfield code="c">26 cm</subfield></datafield><datafield ind1=" " ind2=" " tag="336"><subfield code="b">txt</subfield><subfield code="2">rdacontent</subfield></datafield><datafield ind1=" " ind2=" " tag="337"><subfield code="b">n</subfield><subfield code="2">rdamedia</subfield></datafield><datafield ind1=" " ind2=" " tag="338"><subfield code="b">nc</subfield><subfield code="2">rdacarrier</subfield></datafield><datafield ind1="0" ind2="7" tag="630"><subfield code="a">Bible</subfield><subfield code="p">A.T.</subfield><subfield code="p">Pentateuque</subfield><subfield code="0">(IDREF)028200411</subfield><subfield code="2">idref</subfield></datafield><datafield ind1=" " ind2="7" tag="655"><subfield code="a">Dictionnaires</subfield><subfield code="2">idref</subfield><subfield code="0">(IDREF)027232050</subfield></datafield><datafield ind1="1" ind2=" " tag="700"><subfield code="a">Alexander, Thomas Desmond</subfield><subfield code="0">(RERO)A002917752</subfield></datafield></record>
</metadata></record>