<record><header><identifier>oai:alma.41SLSP_UGE:991000021169705502</identifier><datestamp>2023-07-07T00:12:18Z</datestamp><setSpec>uge_bcen_RapidILL_BOOK</setSpec><setSpec>uge_aaca_RapidILL_BOOK</setSpec><setSpec>uge_abels_RapidILL_BOOK</setSpec><setSpec>uge_dbu_RapidILL_BOOK</setSpec><setSpec>uge_cmu_RapidILL_BOOK</setSpec><setSpec>uge_mail_RapidILL_BOOK</setSpec><setSpec>uge_abbat_RapidILL_BOOK</setSpec><setSpec>UNIGE_ALL</setSpec><setSpec>uge_aobs_RapidILL_BOOK</setSpec><setSpec>uge_acar_RapidILL_BOOK</setSpec></header><metadata>
<record xmlns="http://www.loc.gov/MARC21/slim" xmlns:xsi="http://www.w3.org/2001/XMLSchema-instance" xsi:schemaLocation="http://www.loc.gov/MARC21/slim http://www.loc.gov/standards/marcxml/schema/MARC21slim.xsd"><leader>01560nam a2200433 c 4500</leader><controlfield tag="001">991000021169705502</controlfield><controlfield tag="005">20230706095245.0</controlfield><controlfield tag="008">201011t19821982xxk||||| |||| 00| ||eng d</controlfield><datafield ind1=" " ind2=" " tag="020"><subfield code="a">071900926X</subfield><subfield code="q">paperback</subfield></datafield><datafield ind1=" " ind2=" " tag="020"><subfield code="a">0719008611</subfield><subfield code="q">hardback</subfield></datafield><datafield ind1=" " ind2=" " tag="035"><subfield code="a">(swissbib)218697325-41slsp_network</subfield></datafield><datafield ind1=" " ind2=" " tag="035"><subfield code="a">218697325</subfield><subfield code="9">ExL</subfield></datafield><datafield ind1=" " ind2=" " tag="035"><subfield code="a">(RERO)0660052-41slsp</subfield></datafield><datafield ind1=" " ind2=" " tag="035"><subfield code="a">(NEBIS)005710482EBI01</subfield></datafield><datafield ind1=" " ind2=" " tag="035"><subfield code="a">(IDSBB)000023266DSV01</subfield></datafield><datafield ind1=" " ind2=" " tag="035"><subfield code="a">(EXLNZ-41SLSP_NETWORK)991013686849705501</subfield></datafield><datafield ind1=" " ind2=" " tag="040"><subfield code="a">RERO frbcuc</subfield><subfield code="b">fre</subfield><subfield code="e">rda</subfield><subfield code="d">CH-ZuSLS</subfield></datafield><datafield ind1=" " ind2="7" tag="072"><subfield code="a">ba</subfield><subfield code="2">rero</subfield></datafield><datafield ind1=" " ind2="7" tag="072"><subfield code="a">kh</subfield><subfield code="2">SzZuIDS BS/BE</subfield></datafield><datafield ind1=" " ind2=" " tag="084"><subfield code="a">9,10</subfield><subfield code="2">ssgn</subfield></datafield><datafield ind1=" " ind2=" " tag="084"><subfield code="a">LO 50030</subfield><subfield code="2">rvk</subfield></datafield><datafield ind1=" " ind2=" " tag="084"><subfield code="a">NF 6730</subfield><subfield code="2">rvk</subfield></datafield><datafield ind1=" " ind2=" " tag="084"><subfield code="a">NM 5790</subfield><subfield code="2">rvk</subfield></datafield><datafield ind1="1" ind2=" " tag="100"><subfield code="a">Dodwell, Charles Reginald</subfield><subfield code="d">1922-1994</subfield><subfield code="0">(IDREF)02855843X</subfield><subfield code="4">cre</subfield></datafield><datafield ind1="1" ind2="0" tag="245"><subfield code="a">Anglo-Saxon art</subfield><subfield code="b">a new perspective</subfield><subfield code="c">C.R. Dodwell</subfield></datafield><datafield ind1=" " ind2="1" tag="264"><subfield code="a">Manchester</subfield><subfield code="b">Manchester University Press</subfield><subfield code="c">[1982]</subfield></datafield><datafield ind1=" " ind2="4" tag="264"><subfield code="c">© 1982</subfield></datafield><datafield ind1=" " ind2=" " tag="300"><subfield code="a">X, 353 pages, [8], 55 pages de planches</subfield><subfield code="b">illustrations</subfield><subfield code="c">26 cm</subfield></datafield><datafield ind1=" " ind2=" " tag="336"><subfield code="b">txt</subfield><subfield code="2">rdacontent</subfield></datafield><datafield ind1=" " ind2=" " tag="337"><subfield code="b">n</subfield><subfield code="2">rdamedia</subfield></datafield><datafield ind1=" " ind2=" " tag="338"><subfield code="b">nc</subfield><subfield code="2">rdacarrier</subfield></datafield><datafield ind1="1" ind2=" " tag="490"><subfield code="a">Manchester studies in the history of art</subfield><subfield code="v">volume three</subfield></datafield><datafield ind1=" " ind2="7" tag="650"><subfield code="a">Arte anglosassone</subfield><subfield code="0">(SBT12)000006795</subfield><subfield code="2">sbt12</subfield></datafield><datafield ind1=" " ind2="7" tag="650"><subfield code="a">Art anglo-saxon (peuple germanique)</subfield><subfield code="0">(IDREF)027437973</subfield><subfield code="2">idref</subfield></datafield><datafield ind1=" " ind2="7" tag="650"><subfield code="a">Kunst</subfield><subfield code="z">Angelsachsen</subfield><subfield code="2">idsbb</subfield></datafield><datafield ind1=" " ind2=" " tag="691"><subfield code="e">700.033(410)</subfield><subfield code="2">usi-TM</subfield></datafield><datafield ind1=" " ind2="0" tag="830"><subfield code="a">Manchester studies in the history of art</subfield><subfield code="v">3</subfield><subfield code="w">(IDSBB)000676557DSV01</subfield></datafield><datafield ind1=" " ind2="0" tag="830"><subfield code="a">Manchester studies in the history of art</subfield><subfield code="v">3</subfield><subfield code="w">(NEBIS)004127019EBI01</subfield></datafield><datafield ind1=" " ind2=" " tag="900"><subfield code="a">REROnoselfmerge</subfield></datafield><datafield ind1=" " ind2=" " tag="900"><subfield code="a">IDSZ2esmon201002r</subfield><subfield code="c">IDSZ2fumo</subfield></datafield></record>
</metadata></record>