<record><header><identifier>oai:alma.41SLSP_UGE:991000020859705502</identifier><datestamp>2023-03-01T01:09:06Z</datestamp><setSpec>uge_bcen_RapidILL_BOOK</setSpec><setSpec>uge_aaca_RapidILL_BOOK</setSpec><setSpec>uge_abels_RapidILL_BOOK</setSpec><setSpec>uge_dbu_RapidILL_BOOK</setSpec><setSpec>uge_cmu_RapidILL_BOOK</setSpec><setSpec>uge_mail_RapidILL_BOOK</setSpec><setSpec>UNIGE_ALL</setSpec><setSpec>uge_abbat_RapidILL_BOOK</setSpec><setSpec>uge_aobs_RapidILL_BOOK</setSpec><setSpec>uge_acar_RapidILL_BOOK</setSpec></header><metadata>
<record xmlns="http://www.loc.gov/MARC21/slim" xmlns:xsi="http://www.w3.org/2001/XMLSchema-instance" xsi:schemaLocation="http://www.loc.gov/MARC21/slim http://www.loc.gov/standards/marcxml/schema/MARC21slim.xsd"><leader>00994nam a2200277 c 4500</leader><controlfield tag="001">991000020859705502</controlfield><controlfield tag="005">20201227172847.0</controlfield><controlfield tag="008">191023s2006    ag            000 0 spa d</controlfield><datafield ind1=" " ind2=" " tag="020"><subfield code="a">9789875034280</subfield></datafield><datafield ind1=" " ind2=" " tag="020"><subfield code="a">9875034282</subfield></datafield><datafield ind1=" " ind2=" " tag="035"><subfield code="a">(swissbib)126044309-41slsp_network</subfield></datafield><datafield ind1=" " ind2=" " tag="035"><subfield code="a">126044309</subfield><subfield code="9">ExL</subfield></datafield><datafield ind1=" " ind2=" " tag="035"><subfield code="a">(RERO)R008978737-41slsp</subfield></datafield><datafield ind1=" " ind2=" " tag="035"><subfield code="a">(EXLNZ-41SLSP_NETWORK)991097754509705501</subfield></datafield><datafield ind1=" " ind2=" " tag="040"><subfield code="a">GBVCP</subfield><subfield code="b">ger</subfield><subfield code="e">rakwb</subfield><subfield code="d">CH-ZuSLS</subfield></datafield><datafield ind1=" " ind2="7" tag="072"><subfield code="a">hg</subfield><subfield code="2">rero</subfield></datafield><datafield ind1="1" ind2=" " tag="100"><subfield code="a">Verbitsky, Horacio</subfield><subfield code="d">1942-....</subfield><subfield code="0">(IDREF)028803655</subfield><subfield code="4">aut</subfield></datafield><datafield ind1="1" ind2="0" tag="245"><subfield code="a">&lt;&lt;El&gt;&gt; vuelo</subfield><subfield code="b">una forma cristiana de muerte ; confesiones de un oficial de la Armada</subfield><subfield code="c">Horacio Verbitsky</subfield></datafield><datafield ind1=" " ind2="1" tag="264"><subfield code="a">Buenos Aires</subfield><subfield code="b">Página/12 ; Editorial Sudamericana</subfield><subfield code="c">[2006]</subfield></datafield><datafield ind1=" " ind2=" " tag="300"><subfield code="a">249 p.</subfield><subfield code="b">illl.</subfield></datafield><datafield ind1=" " ind2=" " tag="336"><subfield code="b">txt</subfield><subfield code="2">rdacontent</subfield></datafield><datafield ind1=" " ind2=" " tag="337"><subfield code="b">n</subfield><subfield code="2">rdamedia</subfield></datafield><datafield ind1=" " ind2=" " tag="338"><subfield code="b">nc</subfield><subfield code="2">rdacarrier</subfield></datafield><datafield ind1="1" ind2=" " tag="490"><subfield code="a">Horacio Verbitsky</subfield><subfield code="v">6</subfield></datafield><datafield ind1=" " ind2=" " tag="830"><subfield code="a">Horacio Verbitsky</subfield><subfield code="p">Página/12</subfield><subfield code="v">6</subfield><subfield code="w">(RERO)R008978734-41slsp</subfield></datafield><datafield ind1=" " ind2=" " tag="900"><subfield code="a">REROnoselfmerge</subfield></datafield><datafield ind1=" " ind2=" " tag="910"><subfield code="a">OCoLC</subfield><subfield code="b">20191023</subfield><subfield code="c">Réutilisation sous conditions: Licence ODC-BY</subfield></datafield></record>
</metadata></record>