<record><header><identifier>oai:alma.41SLSP_UGE:991000020749705502</identifier><datestamp>2023-08-25T00:54:38Z</datestamp><setSpec>uge_bcen_RapidILL_BOOK</setSpec><setSpec>uge_aaca_RapidILL_BOOK</setSpec><setSpec>uge_abels_RapidILL_BOOK</setSpec><setSpec>uge_dbu_RapidILL_BOOK</setSpec><setSpec>uge_cmu_RapidILL_BOOK</setSpec><setSpec>uge_mail_RapidILL_BOOK</setSpec><setSpec>uge_abbat_RapidILL_BOOK</setSpec><setSpec>UNIGE_ALL</setSpec><setSpec>uge_aobs_RapidILL_BOOK</setSpec><setSpec>uge_acar_RapidILL_BOOK</setSpec></header><metadata>
<record xmlns="http://www.loc.gov/MARC21/slim" xmlns:xsi="http://www.w3.org/2001/XMLSchema-instance" xsi:schemaLocation="http://www.loc.gov/MARC21/slim http://www.loc.gov/standards/marcxml/schema/MARC21slim.xsd"><leader>01354nam a22003372c 4500</leader><controlfield tag="001">991000020749705502</controlfield><controlfield tag="005">20230824122632.0</controlfield><controlfield tag="008">201011s1967    xxk           00| | ger d</controlfield><datafield ind1="7" ind2=" " tag="024"><subfield code="a">http://catalogue.bnf.fr/ark:/12148/cb373957523</subfield><subfield code="2">uri</subfield></datafield><datafield ind1=" " ind2=" " tag="035"><subfield code="a">(swissbib)22341154X-41slsp_network</subfield></datafield><datafield ind1=" " ind2=" " tag="035"><subfield code="a">22341154X</subfield><subfield code="9">ExL</subfield></datafield><datafield ind1=" " ind2=" " tag="035"><subfield code="a">(NEBIS)008945400EBI01</subfield></datafield><datafield ind1=" " ind2=" " tag="035"><subfield code="a">(RERO)1220120-41slsp</subfield></datafield><datafield ind1=" " ind2=" " tag="035"><subfield code="a">(EXLNZ-41SLSP_NETWORK)991091139929705501</subfield></datafield><datafield ind1=" " ind2=" " tag="040"><subfield code="a">SzZuIDS NEBIS UZH</subfield><subfield code="d">CH-ZuSLS</subfield></datafield><datafield ind1=" " ind2=" " tag="044"><subfield code="a">xxk</subfield></datafield><datafield ind1=" " ind2="7" tag="072"><subfield code="a">al</subfield><subfield code="2">rero</subfield></datafield><datafield ind1="0" ind2="0" tag="245"><subfield code="a">Neues Gesamtabenteuer</subfield><subfield code="b">das ist Fr. H. von der Hagens Gesamtabenteuer in neuer Auswahl : die Sammlung der mittelhochdeutschen Mären und Schwänke des 13. und 14. Jahrhunderts</subfield><subfield code="c">hrsg. v. Heinrich Niewöhner</subfield></datafield><datafield ind1=" " ind2=" " tag="250"><subfield code="a">2. Aufl.</subfield><subfield code="b">hrsg. von Werner Simon ; mit den Lesarten besorgt von Max Boeters und Kurt Schacks.</subfield></datafield><datafield ind1=" " ind2="1" tag="264"><subfield code="a">Dublin</subfield><subfield code="b">Weidmann</subfield><subfield code="c">1967</subfield></datafield><datafield ind1=" " ind2=" " tag="300"><subfield code="a">XIX, 268 p.</subfield><subfield code="c">24 cm</subfield></datafield><datafield ind1=" " ind2=" " tag="336"><subfield code="b">txt</subfield><subfield code="2">rdacontent</subfield></datafield><datafield ind1=" " ind2=" " tag="337"><subfield code="b">n</subfield><subfield code="2">rdamedia</subfield></datafield><datafield ind1=" " ind2=" " tag="338"><subfield code="b">nc</subfield><subfield code="2">rdacarrier</subfield></datafield><datafield ind1=" " ind2=" " tag="500"><subfield code="a">Mehr nicht erschienen</subfield></datafield><datafield ind1="1" ind2=" " tag="700"><subfield code="a">Boeters, Max</subfield><subfield code="d">1928-....</subfield><subfield code="0">(IDREF)061112372</subfield></datafield><datafield ind1="1" ind2=" " tag="700"><subfield code="a">Hagen, Friedrich Heinrich &lt;&lt;von der&gt;&gt;</subfield><subfield code="d">1780-1856</subfield><subfield code="0">(DE-588)118829130</subfield></datafield><datafield ind1="1" ind2=" " tag="700"><subfield code="a">Niewöhner, Heinrich</subfield><subfield code="0">(RERO)A003641310</subfield></datafield><datafield ind1="1" ind2=" " tag="700"><subfield code="a">Simon, Werner</subfield><subfield code="0">(RERO)A003833359</subfield></datafield><datafield ind1=" " ind2="0" tag="830"><subfield code="a">Neues Gesamtabenteuer</subfield><subfield code="v">1</subfield><subfield code="w">(RERO)1220088-41slsp</subfield></datafield><datafield ind1=" " ind2=" " tag="900"><subfield code="f">IDSU2medea</subfield></datafield><datafield ind1=" " ind2=" " tag="900"><subfield code="a">REROnoselfmerge</subfield></datafield></record>
</metadata></record>