<record><header><identifier>oai:alma.41SLSP_UGE:991000020959705502</identifier><datestamp>2023-03-01T01:09:06Z</datestamp><setSpec>uge_bcen_RapidILL_BOOK</setSpec><setSpec>uge_aaca_RapidILL_BOOK</setSpec><setSpec>uge_abels_RapidILL_BOOK</setSpec><setSpec>uge_dbu_RapidILL_BOOK</setSpec><setSpec>uge_cmu_RapidILL_BOOK</setSpec><setSpec>uge_mail_RapidILL_BOOK</setSpec><setSpec>UNIGE_ALL</setSpec><setSpec>uge_abbat_RapidILL_BOOK</setSpec><setSpec>uge_aobs_RapidILL_BOOK</setSpec><setSpec>uge_acar_RapidILL_BOOK</setSpec></header><metadata>
<record xmlns="http://www.loc.gov/MARC21/slim" xmlns:xsi="http://www.w3.org/2001/XMLSchema-instance" xsi:schemaLocation="http://www.loc.gov/MARC21/slim http://www.loc.gov/standards/marcxml/schema/MARC21slim.xsd"><leader>01497nam a2200361 c 4500</leader><controlfield tag="001">991000020959705502</controlfield><controlfield tag="005">20201222230906.0</controlfield><controlfield tag="008">120103s2001    ja ||||| |||| 00| ||jpn d</controlfield><datafield ind1=" " ind2=" " tag="020"><subfield code="a">4894342375</subfield><subfield code="q">set</subfield></datafield><datafield ind1=" " ind2=" " tag="035"><subfield code="a">(swissbib)115085858-41slsp_network</subfield></datafield><datafield ind1=" " ind2=" " tag="035"><subfield code="a">115085858</subfield><subfield code="9">ExL</subfield></datafield><datafield ind1=" " ind2=" " tag="035"><subfield code="a">(RERO)R006368377-41slsp</subfield></datafield><datafield ind1=" " ind2=" " tag="035"><subfield code="a">(EXLNZ-41SLSP_NETWORK)991114856579705501</subfield></datafield><datafield ind1=" " ind2=" " tag="040"><subfield code="a">NjP-G</subfield><subfield code="d">CH-ZuSLS</subfield></datafield><datafield ind1=" " ind2="0" tag="050"><subfield code="a">PL834.O6</subfield><subfield code="b">Z46 2002</subfield></datafield><datafield ind1=" " ind2="7" tag="072"><subfield code="a">or</subfield><subfield code="2">rero</subfield></datafield><datafield ind1="1" ind2=" " tag="100"><subfield code="6">880-01</subfield><subfield code="a">Noma, Hiroshi</subfield><subfield code="d">1915-1991</subfield><subfield code="0">(RERO)A020203450</subfield><subfield code="4">cre</subfield></datafield><datafield ind1="0" ind2=" " tag="880"><subfield code="6">100-01/$1</subfield><subfield code="a">野間宏</subfield><subfield code="d">1915-1991</subfield></datafield><datafield ind1="1" ind2="0" tag="245"><subfield code="6">880-02</subfield><subfield code="a">Sakka no senchū nikki, 1932-45</subfield><subfield code="c">Noma Hiroshi ; henshū iin Ozue Keiji... [et al.]</subfield></datafield><datafield ind1="1" ind2="0" tag="880"><subfield code="6">245-02/$1</subfield><subfield code="a">作家の戦中日記 1932-45</subfield><subfield code="c">野間宏 ; 編集委員尾末奎司... [et al.]</subfield></datafield><datafield ind1=" " ind2=" " tag="250"><subfield code="6">880-03</subfield><subfield code="a">Shohan</subfield></datafield><datafield ind1=" " ind2=" " tag="880"><subfield code="6">250-03/$1</subfield><subfield code="a">初版</subfield></datafield><datafield ind1=" " ind2="1" tag="264"><subfield code="6">880-04</subfield><subfield code="a">Tōkyō</subfield><subfield code="b">Fujiwara Shoten</subfield><subfield code="c">2001</subfield></datafield><datafield ind1=" " ind2="1" tag="880"><subfield code="6">264-04/$1</subfield><subfield code="a">東京</subfield><subfield code="b">藤原書店</subfield><subfield code="c">2001</subfield></datafield><datafield ind1=" " ind2=" " tag="300"><subfield code="a">2 v.</subfield><subfield code="b">ill.</subfield><subfield code="c">22 cm</subfield></datafield><datafield ind1=" " ind2=" " tag="336"><subfield code="b">txt</subfield><subfield code="2">rdacontent</subfield></datafield><datafield ind1=" " ind2=" " tag="337"><subfield code="b">n</subfield><subfield code="2">rdamedia</subfield></datafield><datafield ind1=" " ind2=" " tag="338"><subfield code="b">nc</subfield><subfield code="2">rdacarrier</subfield></datafield><datafield ind1="1" ind2="0" tag="600"><subfield code="a">Noma, Hiroshi</subfield><subfield code="d">1915-1991</subfield><subfield code="v">Diaries</subfield></datafield><datafield ind1=" " ind2="0" tag="650"><subfield code="a">Authors, Japanese</subfield><subfield code="y">20th century</subfield><subfield code="v">Diaries</subfield></datafield><datafield ind1="1" ind2=" " tag="700"><subfield code="6">880-05</subfield><subfield code="a">Ozue, Keiji</subfield><subfield code="d">1931-….</subfield><subfield code="0">(IDREF)243892322</subfield></datafield><datafield ind1="0" ind2=" " tag="880"><subfield code="6">700-05/$1</subfield><subfield code="a">尾末奎司</subfield><subfield code="d">1931-</subfield></datafield><datafield ind1=" " ind2=" " tag="900"><subfield code="a">REROnoselfmerge</subfield></datafield><datafield ind1=" " ind2=" " tag="910"><subfield code="a">LOC</subfield><subfield code="b">20120103</subfield><subfield code="c">Droits réservés</subfield></datafield></record>
</metadata></record>