<record><header><identifier>oai:alma.41SLSP_UGE:991000021059705502</identifier><datestamp>2023-06-20T00:27:02Z</datestamp><setSpec>uge_bcen_RapidILL_BOOK</setSpec><setSpec>uge_aaca_RapidILL_BOOK</setSpec><setSpec>uge_abels_RapidILL_BOOK</setSpec><setSpec>uge_dbu_RapidILL_BOOK</setSpec><setSpec>uge_cmu_RapidILL_BOOK</setSpec><setSpec>uge_mail_RapidILL_BOOK</setSpec><setSpec>uge_abbat_RapidILL_BOOK</setSpec><setSpec>UNIGE_ALL</setSpec><setSpec>uge_aobs_RapidILL_BOOK</setSpec><setSpec>uge_acar_RapidILL_BOOK</setSpec></header><metadata>
<record xmlns="http://www.loc.gov/MARC21/slim" xmlns:xsi="http://www.w3.org/2001/XMLSchema-instance" xsi:schemaLocation="http://www.loc.gov/MARC21/slim http://www.loc.gov/standards/marcxml/schema/MARC21slim.xsd"><leader>02361nam a2200553 c 4500</leader><controlfield tag="001">991000021059705502</controlfield><controlfield tag="005">20230619203532.0</controlfield><controlfield tag="008">201011s2018    fr       b||| 001 0 fre|d</controlfield><datafield ind1=" " ind2=" " tag="020"><subfield code="a">9791094898420</subfield><subfield code="q">pbk.</subfield></datafield><datafield ind1=" " ind2=" " tag="035"><subfield code="a">(swissbib)22734605X-41slsp_network</subfield></datafield><datafield ind1=" " ind2=" " tag="035"><subfield code="a">22734605X</subfield><subfield code="9">ExL</subfield></datafield><datafield ind1=" " ind2=" " tag="035"><subfield code="a">(NEBIS)011282992EBI01</subfield></datafield><datafield ind1=" " ind2=" " tag="035"><subfield code="a">(RERO)R008825230-41slsp</subfield></datafield><datafield ind1=" " ind2=" " tag="035"><subfield code="a">(OCoLC)1029893392</subfield></datafield><datafield ind1=" " ind2=" " tag="035"><subfield code="a">(EXLNZ-41SLSP_NETWORK)991115488499705501</subfield></datafield><datafield ind1=" " ind2=" " tag="040"><subfield code="a">AUXAM</subfield><subfield code="b">ger</subfield><subfield code="e">rda</subfield><subfield code="d">CH-ZuSLS</subfield></datafield><datafield ind1="0" ind2=" " tag="041"><subfield code="a">fre</subfield><subfield code="a">eng</subfield></datafield><datafield ind1=" " ind2="4" tag="050"><subfield code="a">PN56.A89</subfield><subfield code="b">R43 2018</subfield></datafield><datafield ind1=" " ind2="7" tag="072"><subfield code="a">di</subfield><subfield code="2">rero</subfield></datafield><datafield ind1="0" ind2="4" tag="082"><subfield code="a">840</subfield></datafield><datafield ind1="1" ind2="4" tag="082"><subfield code="a">840</subfield><subfield code="2">15</subfield></datafield><datafield ind1="0" ind2="0" tag="245"><subfield code="a">Récit de vie, récit de soi</subfield><subfield code="c">études réunies par Christophe Ippolito</subfield></datafield><datafield ind1=" " ind2="1" tag="264"><subfield code="a">[Caen, France]</subfield><subfield code="b">Passage(s)</subfield><subfield code="c">[2018]</subfield></datafield><datafield ind1=" " ind2=" " tag="300"><subfield code="a">309 pages</subfield><subfield code="c">19 cm</subfield></datafield><datafield ind1=" " ind2=" " tag="336"><subfield code="b">txt</subfield><subfield code="2">rdacontent</subfield></datafield><datafield ind1=" " ind2=" " tag="337"><subfield code="b">n</subfield><subfield code="2">rdamedia</subfield></datafield><datafield ind1=" " ind2=" " tag="338"><subfield code="b">nc</subfield><subfield code="2">rdacarrier</subfield></datafield><datafield ind1="0" ind2=" " tag="490"><subfield code="a">Essais</subfield></datafield><datafield ind1=" " ind2=" " tag="500"><subfield code="a">La couv. porte: Cendrars, Djian, Houellebecq, Rachid O., Abdallah Taïa et alii</subfield></datafield><datafield ind1=" " ind2=" " tag="500"><subfield code="a">Texte majoritairement en français, quelques contributions en anglais</subfield></datafield><datafield ind1=" " ind2=" " tag="504"><subfield code="a">Includes bibliographical references (pages 271-279) and index</subfield></datafield><datafield ind1=" " ind2="7" tag="648"><subfield code="a">Geschichte 1900-2018</subfield><subfield code="2">gnd</subfield></datafield><datafield ind1=" " ind2="7" tag="650"><subfield code="a">Autobiografische Literatur</subfield><subfield code="0">(DE-588)4143683-0</subfield><subfield code="2">gnd</subfield></datafield><datafield ind1=" " ind2="7" tag="650"><subfield code="a">Französisch</subfield><subfield code="0">(DE-588)4113615-9</subfield><subfield code="2">gnd</subfield></datafield><datafield ind1=" " ind2="0" tag="650"><subfield code="a">Autobiography in literature</subfield></datafield><datafield ind1=" " ind2="0" tag="650"><subfield code="a">French literature</subfield><subfield code="y">20th century</subfield><subfield code="x">History and criticism</subfield></datafield><datafield ind1=" " ind2="0" tag="650"><subfield code="a">French literature</subfield><subfield code="y">21st century</subfield><subfield code="x">History and criticism</subfield></datafield><datafield ind1=" " ind2="0" tag="650"><subfield code="a">Literature</subfield><subfield code="x">Philosophy</subfield></datafield><datafield ind1=" " ind2="0" tag="650"><subfield code="a">Literature, Modern</subfield><subfield code="y">20th century</subfield><subfield code="x">History and criticism</subfield></datafield><datafield ind1=" " ind2="0" tag="650"><subfield code="a">Literature, Modern</subfield><subfield code="y">21st century</subfield><subfield code="x">History and criticism</subfield></datafield><datafield ind1=" " ind2="7" tag="650"><subfield code="a">Littérature française</subfield><subfield code="0">(IDREF)027236935</subfield><subfield code="2">idref</subfield></datafield><datafield ind1=" " ind2="7" tag="650"><subfield code="a">20e siècle-21e siècle (début)</subfield><subfield code="0">(RERO)A022440359</subfield><subfield code="2">rero</subfield></datafield><datafield ind1=" " ind2="7" tag="650"><subfield code="a">Autobiographie</subfield><subfield code="0">(IDREF)02759436X</subfield><subfield code="2">idref</subfield></datafield><datafield ind1=" " ind2="7" tag="655"><subfield code="a">Aufsatzsammlung</subfield><subfield code="2">gnd-content</subfield></datafield><datafield ind1=" " ind2="7" tag="655"><subfield code="a">[Études diverses]</subfield><subfield code="0">(RERO)A022249905</subfield><subfield code="2">rero</subfield></datafield><datafield ind1="1" ind2=" " tag="700"><subfield code="a">Ippolito, Christophe</subfield><subfield code="d">1963-</subfield><subfield code="0">(DE-588)143744372</subfield><subfield code="4">edt</subfield><subfield code="6">880-02</subfield></datafield><datafield ind1="1" ind2=" " tag="880"><subfield code="6">700-02</subfield><subfield code="a">Ippolito, Christophe</subfield><subfield code="d">1963-....</subfield><subfield code="0">(IDREF)074567578</subfield></datafield><datafield ind1="4" ind2=" " tag="856"><subfield code="3">Titelblatt und Inhaltsverzeichnis</subfield><subfield code="u">https://toc.library.ethz.ch/objects/pdf03/z01_979-10-94898-42-0_01.pdf</subfield><subfield code="q">pdf</subfield></datafield><datafield ind1=" " ind2=" " tag="900"><subfield code="a">IDSZ2zbzmon201811f</subfield><subfield code="c">IDSZ2wieg</subfield><subfield code="d">IDSZ2zbzswk201811b</subfield><subfield code="e">IDSZ2trun</subfield></datafield><datafield ind1=" " ind2=" " tag="949"><subfield code="a">https://toc.library.ethz.ch/objects/pdf03/z01_979-10-94898-42-0_01.pdf</subfield></datafield></record>
</metadata></record>