<record><header><identifier>oai:alma.41SLSP_UGE:991000020849705502</identifier><datestamp>2023-04-08T00:13:50Z</datestamp><setSpec>uge_bcen_RapidILL_BOOK</setSpec><setSpec>uge_aaca_RapidILL_BOOK</setSpec><setSpec>uge_abels_RapidILL_BOOK</setSpec><setSpec>uge_dbu_RapidILL_BOOK</setSpec><setSpec>uge_cmu_RapidILL_BOOK</setSpec><setSpec>uge_mail_RapidILL_BOOK</setSpec><setSpec>uge_abbat_RapidILL_BOOK</setSpec><setSpec>UNIGE_ALL</setSpec><setSpec>uge_acar_RapidILL_BOOK</setSpec><setSpec>uge_aobs_RapidILL_BOOK</setSpec></header><metadata>
<record xmlns="http://www.loc.gov/MARC21/slim" xmlns:xsi="http://www.w3.org/2001/XMLSchema-instance" xsi:schemaLocation="http://www.loc.gov/MARC21/slim http://www.loc.gov/standards/marcxml/schema/MARC21slim.xsd"><leader>01612nam a2200481 c 4500</leader><controlfield tag="001">991000020849705502</controlfield><controlfield tag="005">20230407174037.0</controlfield><controlfield tag="008">201011t19961996gw ||||| |||| 00| ||ger d</controlfield><datafield ind1=" " ind2=" " tag="015"><subfield code="a">96,A35,0202</subfield></datafield><datafield ind1=" " ind2=" " tag="020"><subfield code="a">3790212849</subfield><subfield code="q">kart.</subfield></datafield><datafield ind1=" " ind2=" " tag="035"><subfield code="a">(swissbib)21889015X-41slsp_network</subfield></datafield><datafield ind1=" " ind2=" " tag="035"><subfield code="a">21889015X</subfield><subfield code="9">ExL</subfield></datafield><datafield ind1=" " ind2=" " tag="035"><subfield code="a">(RERO)2264154-41slsp</subfield></datafield><datafield ind1=" " ind2=" " tag="035"><subfield code="a">(NEBIS)001671185EBI01</subfield></datafield><datafield ind1=" " ind2=" " tag="035"><subfield code="a">(EXLNZ-41SLSP_NETWORK)991101643889705501</subfield></datafield><datafield ind1=" " ind2=" " tag="040"><subfield code="a">RERO geuth-</subfield><subfield code="d">CH-ZuSLS</subfield></datafield><datafield ind1=" " ind2="7" tag="072"><subfield code="a">th</subfield><subfield code="2">rero</subfield></datafield><datafield ind1="0" ind2="0" tag="082"><subfield code="a">236</subfield><subfield code="2">21</subfield></datafield><datafield ind1="1" ind2=" " tag="100"><subfield code="a">Bätzing, Georg</subfield><subfield code="0">(RERO)A003063716</subfield><subfield code="4">cre</subfield></datafield><datafield ind1="1" ind2="0" tag="245"><subfield code="a">Kirche im Werden</subfield><subfield code="b">ekklesiologische Aspekte des Läuterungsgedankens</subfield><subfield code="c">Georg Bätzing</subfield></datafield><datafield ind1=" " ind2="1" tag="264"><subfield code="a">[Trier]</subfield><subfield code="b">Paulinus</subfield><subfield code="c">[1996]</subfield></datafield><datafield ind1=" " ind2="4" tag="264"><subfield code="c">© 1996</subfield></datafield><datafield ind1=" " ind2=" " tag="300"><subfield code="a">XXXV, 262 p.</subfield><subfield code="c">24 cm</subfield></datafield><datafield ind1=" " ind2=" " tag="336"><subfield code="b">txt</subfield><subfield code="2">rdacontent</subfield></datafield><datafield ind1=" " ind2=" " tag="337"><subfield code="b">n</subfield><subfield code="2">rdamedia</subfield></datafield><datafield ind1=" " ind2=" " tag="338"><subfield code="b">nc</subfield><subfield code="2">rdacarrier</subfield></datafield><datafield ind1="1" ind2=" " tag="490"><subfield code="a">Trierer theologische Studien</subfield><subfield code="v">Bd. 56</subfield></datafield><datafield ind1=" " ind2=" " tag="502"><subfield code="a">Diss., Univ. Trier, 1996</subfield></datafield><datafield ind1=" " ind2=" " tag="504"><subfield code="a">Bibliogr.: p. XVII-XXXV</subfield></datafield><datafield ind1=" " ind2="7" tag="650"><subfield code="a">Ecclésiologie</subfield><subfield code="0">(IDREF)05078272X</subfield><subfield code="2">idref</subfield></datafield><datafield ind1=" " ind2="7" tag="650"><subfield code="a">Purification</subfield><subfield code="0">(IDREF)028891554</subfield><subfield code="2">idref</subfield></datafield><datafield ind1=" " ind2="7" tag="650"><subfield code="a">Ekklesiologie</subfield><subfield code="2">idszbz</subfield></datafield><datafield ind1=" " ind2="7" tag="650"><subfield code="a">Eschatologie</subfield><subfield code="2">idszbz</subfield></datafield><datafield ind1=" " ind2="7" tag="650"><subfield code="a">Fegefeuer</subfield><subfield code="2">idszbz</subfield></datafield><datafield ind1=" " ind2="7" tag="650"><subfield code="a">Katholische Theologie</subfield><subfield code="2">idszbz</subfield></datafield><datafield ind1=" " ind2="7" tag="650"><subfield code="a">Ekklesiologie</subfield><subfield code="0">(DE-588)4070730-1</subfield><subfield code="2">gnd</subfield></datafield><datafield ind1=" " ind2="7" tag="650"><subfield code="a">Eschatologie</subfield><subfield code="0">(DE-588)4015508-0</subfield><subfield code="2">gnd</subfield></datafield><datafield ind1=" " ind2="7" tag="650"><subfield code="a">Fegefeuer</subfield><subfield code="0">(DE-588)4135409-6</subfield><subfield code="2">gnd</subfield></datafield><datafield ind1=" " ind2="7" tag="650"><subfield code="a">Katholische Theologie</subfield><subfield code="0">(DE-588)4030005-5</subfield><subfield code="2">gnd</subfield></datafield><datafield ind1=" " ind2="0" tag="650"><subfield code="a">Church</subfield></datafield><datafield ind1=" " ind2="0" tag="650"><subfield code="a">Eschatology</subfield></datafield><datafield ind1=" " ind2="7" tag="655"><subfield code="a">Hochschulschrift</subfield><subfield code="2">gnd-content</subfield></datafield><datafield ind1=" " ind2=" " tag="830"><subfield code="a">Trierer theologische Studien</subfield><subfield code="v">56</subfield><subfield code="w">(RERO)0293245-41slsp</subfield></datafield><datafield ind1=" " ind2=" " tag="900"><subfield code="a">REROnoselfmerge</subfield></datafield></record>
</metadata></record>