<record><header><identifier>oai:alma.41SLSP_UGE:991000020659705502</identifier><datestamp>2023-06-30T00:20:58Z</datestamp><setSpec>uge_bcen_RapidILL_BOOK</setSpec><setSpec>uge_aaca_RapidILL_BOOK</setSpec><setSpec>uge_abels_RapidILL_BOOK</setSpec><setSpec>uge_dbu_RapidILL_BOOK</setSpec><setSpec>uge_cmu_RapidILL_BOOK</setSpec><setSpec>uge_mail_RapidILL_BOOK</setSpec><setSpec>uge_abbat_RapidILL_BOOK</setSpec><setSpec>UNIGE_ALL</setSpec><setSpec>uge_acar_RapidILL_BOOK</setSpec><setSpec>uge_aobs_RapidILL_BOOK</setSpec></header><metadata>
<record xmlns="http://www.loc.gov/MARC21/slim" xmlns:xsi="http://www.w3.org/2001/XMLSchema-instance" xsi:schemaLocation="http://www.loc.gov/MARC21/slim http://www.loc.gov/standards/marcxml/schema/MARC21slim.xsd"><leader>01438naa a2200313 c 4500</leader><controlfield tag="001">991000020659705502</controlfield><controlfield tag="005">20230629191353.0</controlfield><controlfield tag="008">120314s2010    sz ||||| |||| 00| ||ger d</controlfield><datafield ind1=" " ind2=" " tag="035"><subfield code="a">(swissbib)115675736-41slsp_network</subfield></datafield><datafield ind1=" " ind2=" " tag="035"><subfield code="a">115675736</subfield><subfield code="9">ExL</subfield></datafield><datafield ind1=" " ind2=" " tag="035"><subfield code="a">(RERO)R007021327-41slsp</subfield></datafield><datafield ind1=" " ind2=" " tag="035"><subfield code="a">(EXLNZ-41SLSP_NETWORK)991019916929705501</subfield></datafield><datafield ind1=" " ind2=" " tag="040"><subfield code="a">RERO neubfd</subfield><subfield code="d">CH-ZuSLS</subfield></datafield><datafield ind1=" " ind2=" " tag="044"><subfield code="a">sz</subfield><subfield code="c">ch-bs</subfield></datafield><datafield ind1=" " ind2="7" tag="072"><subfield code="a">dr</subfield><subfield code="2">rero</subfield></datafield><datafield ind1=" " ind2=" " tag="084"><subfield code="a">A 79.1 i</subfield><subfield code="2">cjurrom</subfield></datafield><datafield ind1="1" ind2=" " tag="100"><subfield code="a">Hein, Susanne</subfield><subfield code="0">(RERO)A003359117</subfield><subfield code="4">cre</subfield></datafield><datafield ind1="1" ind2="0" tag="245"><subfield code="a">42. DACH-Tagung in Mailand</subfield><subfield code="b">Restrukturierung von Unternehmen</subfield><subfield code="c">Susanne Hein</subfield></datafield><datafield ind1=" " ind2=" " tag="336"><subfield code="b">txt</subfield><subfield code="2">rdacontent</subfield></datafield><datafield ind1=" " ind2=" " tag="337"><subfield code="b">n</subfield><subfield code="2">rdamedia</subfield></datafield><datafield ind1=" " ind2=" " tag="338"><subfield code="b">nc</subfield><subfield code="2">rdacarrier</subfield></datafield><datafield ind1=" " ind2=" " tag="580"><subfield code="a">In: Anwaltsrevue. - Basel. - Jg. 13(2010), H. 8, S. 342</subfield></datafield><datafield ind1=" " ind2="7" tag="650"><subfield code="a">Bundesrecht</subfield><subfield code="9">ger</subfield><subfield code="0">(RERO)jurivoc000004898ger</subfield><subfield code="2">jurivoc</subfield></datafield><datafield ind1=" " ind2="7" tag="650"><subfield code="a">Strafprozess</subfield><subfield code="9">ger</subfield><subfield code="0">(RERO)jurivoc000021773ger</subfield><subfield code="2">jurivoc</subfield></datafield><datafield ind1=" " ind2="7" tag="650"><subfield code="a">Strafzumessung</subfield><subfield code="9">ger</subfield><subfield code="0">(RERO)jurivoc000021841ger</subfield><subfield code="2">jurivoc</subfield></datafield><datafield ind1=" " ind2="7" tag="650"><subfield code="a">Strafmilderung</subfield><subfield code="9">ger</subfield><subfield code="0">(RERO)jurivoc000021767ger</subfield><subfield code="2">jurivoc</subfield></datafield><datafield ind1=" " ind2="7" tag="650"><subfield code="a">Strafschärfung</subfield><subfield code="9">ger</subfield><subfield code="0">(RERO)jurivoc000021797ger</subfield><subfield code="2">jurivoc</subfield></datafield><datafield ind1=" " ind2="7" tag="650"><subfield code="a">Verschulden</subfield><subfield code="9">ger</subfield><subfield code="0">(RERO)jurivoc000025032ger</subfield><subfield code="2">jurivoc</subfield></datafield><datafield ind1=" " ind2="7" tag="651"><subfield code="a">Schweiz</subfield><subfield code="9">ger</subfield><subfield code="0">(RERO)jurivoc000019912ger</subfield><subfield code="2">jurivoc</subfield></datafield><datafield ind1="0" ind2=" " tag="773"><subfield code="t">Anwaltsrevue : Publikationen des Schweizerischen Anwaltsverbandes = Revue de l'avocat : publications de la Fédération suisse des avocats : pubblicazioni della Federazione svizzera degli avvocati</subfield><subfield code="g">2010/342</subfield><subfield code="g">yr:2010</subfield><subfield code="w">(RERO)R231335760-41slsp</subfield></datafield></record>
</metadata></record>