<record><header><identifier>oai:alma.41SLSP_UGE:991000021299705502</identifier><datestamp>2024-05-23T00:13:22Z</datestamp><setSpec>uge_bcen_RapidILL_BOOK</setSpec><setSpec>uge_aaca_RapidILL_BOOK</setSpec><setSpec>uge_abels_RapidILL_BOOK</setSpec><setSpec>uge_dbu_RapidILL_BOOK</setSpec><setSpec>uge_cmu_RapidILL_BOOK</setSpec><setSpec>uge_mail_RapidILL_BOOK</setSpec><setSpec>uge_abbat_RapidILL_BOOK</setSpec><setSpec>UNIGE_ALL</setSpec><setSpec>uge_aobs_RapidILL_BOOK</setSpec><setSpec>uge_acar_RapidILL_BOOK</setSpec></header><metadata>
<record xmlns="http://www.loc.gov/MARC21/slim" xmlns:xsi="http://www.w3.org/2001/XMLSchema-instance" xsi:schemaLocation="http://www.loc.gov/MARC21/slim http://www.loc.gov/standards/marcxml/schema/MARC21slim.xsd"><leader>08589nam a2201273 c 4500</leader><controlfield tag="001">991000021299705502</controlfield><controlfield tag="005">20240522095711.0</controlfield><controlfield tag="008">201012s2013    sz       l    00| | fre|d</controlfield><datafield ind1=" " ind2=" " tag="020"><subfield code="a">9783719028534</subfield><subfield code="c">ca. CHF 498.00</subfield></datafield><datafield ind1=" " ind2=" " tag="035"><subfield code="a">(swissbib)235075833-41slsp_network</subfield></datafield><datafield ind1=" " ind2=" " tag="035"><subfield code="a">235075833</subfield><subfield code="9">ExL</subfield></datafield><datafield ind1=" " ind2=" " tag="035"><subfield code="a">(IDSLU)001048655ILU01</subfield></datafield><datafield ind1=" " ind2=" " tag="035"><subfield code="a">(IDSBB)005768640DSV01</subfield></datafield><datafield ind1=" " ind2=" " tag="035"><subfield code="a">(RERO)R006378671-41slsp</subfield></datafield><datafield ind1=" " ind2=" " tag="035"><subfield code="a">(SBT)000721340SBT01</subfield></datafield><datafield ind1=" " ind2=" " tag="035"><subfield code="a">(IDSSG)000546217HSB01</subfield></datafield><datafield ind1=" " ind2=" " tag="035"><subfield code="a">(NEBIS)006915002EBI01</subfield></datafield><datafield ind1=" " ind2=" " tag="035"><subfield code="a">(ALEX)bv996160980001791</subfield></datafield><datafield ind1=" " ind2=" " tag="035"><subfield code="a">(EXLNZ-41SLSP_NETWORK)991078639039705501</subfield></datafield><datafield ind1=" " ind2=" " tag="040"><subfield code="a">RERO frbcuc</subfield><subfield code="e">kids</subfield><subfield code="d">CH-ZuSLS</subfield></datafield><datafield ind1="0" ind2=" " tag="041"><subfield code="a">fre</subfield><subfield code="a">ger</subfield><subfield code="a">ita</subfield></datafield><datafield ind1=" " ind2=" " tag="044"><subfield code="a">sz</subfield><subfield code="c">ch-bs</subfield></datafield><datafield ind1=" " ind2="7" tag="072"><subfield code="a">807</subfield><subfield code="2">IDS LU</subfield></datafield><datafield ind1=" " ind2="7" tag="072"><subfield code="a">842</subfield><subfield code="2">IDS LU</subfield></datafield><datafield ind1=" " ind2="7" tag="072"><subfield code="a">rw</subfield><subfield code="2">SzZuIDS BS/BE</subfield></datafield><datafield ind1=" " ind2="7" tag="072"><subfield code="a">dr</subfield><subfield code="2">rero</subfield></datafield><datafield ind1="0" ind2="4" tag="082"><subfield code="a">346.494048</subfield><subfield code="2">22</subfield></datafield><datafield ind1="1" ind2="4" tag="082"><subfield code="a">340</subfield><subfield code="2">15</subfield></datafield><datafield ind1=" " ind2=" " tag="084"><subfield code="a">PU 2670</subfield><subfield code="2">rvk</subfield></datafield><datafield ind1=" " ind2=" " tag="084"><subfield code="a">CA/CH 86 b</subfield><subfield code="2">cjurrom</subfield></datafield><datafield ind1="0" ind2="0" tag="245"><subfield code="a">Propriété intellectuelle</subfield><subfield code="b">Loi sur le droit d'auteur, Loi sur la protection des marques, Loi sur les designs, Loi sur les brevets, Droit international privé (art 109-111 et 122 LDIP; art. 5 ch. 3, 6 ch. 1 et 22 ch. 4 CL), Droit de la concurrence (art. 3 al. 2 LCart) : commentaire</subfield><subfield code="c">éd. par Jacques de Werra, Philippe Gilliéron</subfield></datafield><datafield ind1="1" ind2="8" tag="246"><subfield code="a">PI</subfield><subfield code="b">LDA, LPM, LDes, LBI</subfield></datafield><datafield ind1="1" ind2=" " tag="246"><subfield code="a">Loi sur la protection des marques</subfield></datafield><datafield ind1="1" ind2=" " tag="246"><subfield code="a">Loi sur les designs</subfield></datafield><datafield ind1="1" ind2=" " tag="246"><subfield code="a">Loi sur les brevets</subfield></datafield><datafield ind1="1" ind2=" " tag="246"><subfield code="a">Loi sur le droit d'auteur</subfield></datafield><datafield ind1="1" ind2=" " tag="246"><subfield code="a">LDA</subfield></datafield><datafield ind1="1" ind2=" " tag="246"><subfield code="a">LPM</subfield></datafield><datafield ind1="1" ind2=" " tag="246"><subfield code="a">LDes</subfield></datafield><datafield ind1="1" ind2=" " tag="246"><subfield code="a">LBI</subfield></datafield><datafield ind1="1" ind2="8" tag="246"><subfield code="a">PI</subfield></datafield><datafield ind1=" " ind2="1" tag="264"><subfield code="a">Bâle</subfield><subfield code="b">Helbing Lichtenhahn</subfield><subfield code="c">2013</subfield></datafield><datafield ind1=" " ind2=" " tag="300"><subfield code="a">2438 S.</subfield><subfield code="c">25 cm</subfield></datafield><datafield ind1=" " ind2=" " tag="336"><subfield code="b">txt</subfield><subfield code="2">rdacontent</subfield></datafield><datafield ind1=" " ind2=" " tag="337"><subfield code="b">n</subfield><subfield code="2">rdamedia</subfield></datafield><datafield ind1=" " ind2=" " tag="338"><subfield code="b">nc</subfield><subfield code="2">rdacarrier</subfield></datafield><datafield ind1="1" ind2=" " tag="490"><subfield code="a">Commentaire romand</subfield></datafield><datafield ind1=" " ind2=" " tag="500"><subfield code="a">Enth. den Gesetzestext in franz., dt. und ital.</subfield></datafield><datafield ind1=" " ind2=" " tag="500"><subfield code="a">Titre du dos: PI : LDA, LPM, LDes, LBI</subfield></datafield><datafield ind1=" " ind2=" " tag="500"><subfield code="a">Texte der Gesetzesartikel auch in Dt. u. Italien.</subfield></datafield><datafield ind1=" " ind2=" " tag="500"><subfield code="a">Enthält auch die Gesetzestexte in Franz., Dt. und Ital.</subfield></datafield><datafield ind1=" " ind2=" " tag="504"><subfield code="a">Bibliogr.</subfield></datafield><datafield ind1=" " ind2=" " tag="504"><subfield code="a">Index.</subfield></datafield><datafield ind1=" " ind2=" " tag="520"><subfield code="a">Ce nouveau Commentaire romand vise à offrir aux praticiens et aux chercheurs une source de référence unique pour toute question relative aux quatre domaines principaux de la propriété intellectuelle, sous la forme d'un commentaire systématique des lois pertinentes, ce qui est une première en Suisse. Il constitue ainsi un outil de travail pratique et facilement consultable pour toute personne confrontée au droit suisse de la propriété intellectuelle.</subfield><subfield code="5">SBT/27.11.2013/BUL/RCG</subfield></datafield><datafield ind1=" " ind2="7" tag="650"><subfield code="a">Propriété intellectuelle</subfield><subfield code="0">(IDREF)027479773</subfield><subfield code="2">idref</subfield></datafield><datafield ind1=" " ind2="7" tag="650"><subfield code="a">Droit d'auteur</subfield><subfield code="0">(IDREF)027287432</subfield><subfield code="2">idref</subfield></datafield><datafield ind1=" " ind2="7" tag="650"><subfield code="a">Marques de commerce</subfield><subfield code="0">(IDREF)027742938</subfield><subfield code="2">idref</subfield></datafield><datafield ind1=" " ind2="7" tag="650"><subfield code="a">Brevets d'invention</subfield><subfield code="0">(IDREF)02750610X</subfield><subfield code="2">idref</subfield></datafield><datafield ind1=" " ind2="7" tag="650"><subfield code="a">Design</subfield><subfield code="0">(IDREF)027784878</subfield><subfield code="2">idref</subfield></datafield><datafield ind1=" " ind2="7" tag="650"><subfield code="a">Concurrence</subfield><subfield code="0">(IDREF)02779976X</subfield><subfield code="2">idref</subfield></datafield><datafield ind1=" " ind2="7" tag="650"><subfield code="a">Droit</subfield><subfield code="0">(IDREF)027466868</subfield><subfield code="2">idref</subfield></datafield><datafield ind1=" " ind2="7" tag="650"><subfield code="a">Droit international privé</subfield><subfield code="0">(IDREF)02747433X</subfield><subfield code="2">idref</subfield></datafield><datafield ind1=" " ind2="7" tag="650"><subfield code="a">Urheberrecht und verwandte Schutzrechte</subfield><subfield code="9">ger</subfield><subfield code="0">(RERO)jurivoc000024021ger</subfield><subfield code="2">jurivoc</subfield></datafield><datafield ind1=" " ind2="7" tag="650"><subfield code="a">Markenschutz</subfield><subfield code="9">ger</subfield><subfield code="0">(RERO)jurivoc000014649ger</subfield><subfield code="2">jurivoc</subfield></datafield><datafield ind1=" " ind2="7" tag="650"><subfield code="a">Designschutz</subfield><subfield code="9">ger</subfield><subfield code="0">(RERO)jurivoc000005487ger</subfield><subfield code="2">jurivoc</subfield></datafield><datafield ind1=" " ind2="7" tag="650"><subfield code="a">Erfindungspatent</subfield><subfield code="9">ger</subfield><subfield code="0">(RERO)jurivoc000007165ger</subfield><subfield code="2">jurivoc</subfield></datafield><datafield ind1=" " ind2="7" tag="650"><subfield code="a">internationales Privatrecht</subfield><subfield code="9">ger</subfield><subfield code="0">(RERO)jurivoc000011981ger</subfield><subfield code="2">jurivoc</subfield></datafield><datafield ind1=" " ind2="7" tag="650"><subfield code="a">Kartell</subfield><subfield code="9">ger</subfield><subfield code="0">(RERO)jurivoc000012504ger</subfield><subfield code="2">jurivoc</subfield></datafield><datafield ind1=" " ind2="7" tag="650"><subfield code="a">Bundesgesetz über das Urheberrecht und verwandte Schutzrechte</subfield><subfield code="9">ger</subfield><subfield code="0">(RERO)jurivoc000004737ger</subfield><subfield code="2">jurivoc</subfield></datafield><datafield ind1=" " ind2="7" tag="650"><subfield code="a">Bundesgesetz über den Schutz von Marken und Herkunftsangaben</subfield><subfield code="9">ger</subfield><subfield code="0">(RERO)jurivoc000004760ger</subfield><subfield code="2">jurivoc</subfield></datafield><datafield ind1=" " ind2="7" tag="650"><subfield code="a">Bundesgesetz über den Schutz von Design</subfield><subfield code="9">ger</subfield><subfield code="0">(RERO)jurivoc000004759ger</subfield><subfield code="2">jurivoc</subfield></datafield><datafield ind1=" " ind2="7" tag="650"><subfield code="a">Bundesgesetz über die Erfindungspatente</subfield><subfield code="9">ger</subfield><subfield code="0">(RERO)jurivoc000004794ger</subfield><subfield code="2">jurivoc</subfield></datafield><datafield ind1=" " ind2="7" tag="650"><subfield code="a">Bundesgesetz über das internationale Privatrecht</subfield><subfield code="9">ger</subfield><subfield code="0">(RERO)jurivoc000004729ger</subfield><subfield code="2">jurivoc</subfield></datafield><datafield ind1=" " ind2="7" tag="650"><subfield code="a">Lugano-Übereinkommen</subfield><subfield code="9">ger</subfield><subfield code="0">(RERO)jurivoc000014491ger</subfield><subfield code="2">jurivoc</subfield></datafield><datafield ind1=" " ind2="7" tag="650"><subfield code="a">Bundesgesetz über Kartelle und andere Wettbewerbsbeschränkungen</subfield><subfield code="9">ger</subfield><subfield code="0">(RERO)jurivoc000004864ger</subfield><subfield code="2">jurivoc</subfield></datafield><datafield ind1=" " ind2="4" tag="650"><subfield code="a">Diritti d'autore</subfield><subfield code="z">Svizzera</subfield></datafield><datafield ind1=" " ind2="7" tag="650"><subfield code="a">Marchi di commercio [e] Marchi di fabbrica</subfield><subfield code="x">Legislazione</subfield><subfield code="z">Svizzera</subfield><subfield code="2">sbt12</subfield></datafield><datafield ind1=" " ind2="7" tag="650"><subfield code="a">Immaterialgüterrecht</subfield><subfield code="0">(DE-588)4026596-1</subfield><subfield code="2">gnd</subfield></datafield><datafield ind1=" " ind2="7" tag="650"><subfield code="a">Geistiges Eigentum</subfield><subfield code="0">(DE-588)4136832-0</subfield><subfield code="2">gnd</subfield></datafield><datafield ind1=" " ind2="7" tag="650"><subfield code="a">Recht</subfield><subfield code="0">(DE-588)4048737-4</subfield><subfield code="2">gnd</subfield></datafield><datafield ind1=" " ind2="7" tag="650"><subfield code="a">INDUSTRIELLES EIGENTUMS-, PATENT-, MARKENRECHT (SPEZIELLE RECHTSZWEIGE)</subfield><subfield code="9">ger</subfield><subfield code="0">(ETHUDK)000011487</subfield><subfield code="2">ethudk</subfield></datafield><datafield ind1=" " ind2="7" tag="651"><subfield code="a">Suisse</subfield><subfield code="0">(IDREF)027249654</subfield><subfield code="2">idref</subfield></datafield><datafield ind1=" " ind2="7" tag="651"><subfield code="a">Schweiz</subfield><subfield code="9">ger</subfield><subfield code="0">(RERO)jurivoc000019912ger</subfield><subfield code="2">jurivoc</subfield></datafield><datafield ind1=" " ind2="7" tag="651"><subfield code="a">Schweiz</subfield><subfield code="0">(DE-588)4053881-3</subfield><subfield code="2">gnd</subfield></datafield><datafield ind1=" " ind2="7" tag="655"><subfield code="a">Quelle</subfield><subfield code="2">gnd-content</subfield></datafield><datafield ind1=" " ind2="7" tag="655"><subfield code="a">Commentaire de texte</subfield><subfield code="0">(IDREF)27790681</subfield><subfield code="2">idref</subfield></datafield><datafield ind1=" " ind2="7" tag="655"><subfield code="a">Textreproduktion</subfield><subfield code="9">ger</subfield><subfield code="2">jurivoc</subfield><subfield code="0">(RERO)jurivoc000022433ger</subfield></datafield><datafield ind1=" " ind2="7" tag="655"><subfield code="a">Kommentar(Werk)</subfield><subfield code="9">ger</subfield><subfield code="2">jurivoc</subfield><subfield code="0">(RERO)jurivoc000013038ger</subfield></datafield><datafield ind1=" " ind2="7" tag="655"><subfield code="a">Kommentar</subfield><subfield code="2">gnd-content</subfield></datafield><datafield ind1=" " ind2=" " tag="690"><subfield code="a">Bundesgesetz; Urheberrecht; Markenrecht; Wettbewerbsrecht; Lizenzvergabe; Patentrecht; Strafrecht; Musterschutz; Patentschrift; Internationales Abkommen; Menschenrechte; Sanktion; Patentanmeldung; Intensivüberwachung; Administration; Kommunikation; Beziehung; Registrierung; Publikation</subfield><subfield code="2">idssg-J</subfield></datafield><datafield ind1=" " ind2=" " tag="690"><subfield code="a">Geschmacksmusterrecht; Heilmittelgesetz; Kartellgesetz; Obligationenrecht; Nichterfüllung; Zivilklage; Verwaltungsgesellschaft; Wahlamt; Anwendungsbereich; Handelssache; Lichtenhahn; Luganoübereinkommen; Rechtshilfeersuchen; Schlussbestimmung; Schutzrechter; Übergangsbestimmung</subfield><subfield code="2">idssg-J</subfield></datafield><datafield ind1=" " ind2=" " tag="690"><subfield code="a">140er LBI; allgemeine Bestimmung; allgemeine Bibliografie; andere Wettbewerbsbeschränkung; ausschließlicher Gerichtsstand; besondere Bestimmung; besondere Fähigkeit; bestehende Rechtsvorschrift; elektronische Kommunikation; endgültiger Titel; europäisches Patent; europäische Patentanmeldung; geistiges Eigentum; gerichtliche Zuständigkeit; gesetzliche Beschränkung; internationale Patentanmeldung; internationales Privatrecht; internationale Registrierung; internationaler Vertrag; patentes Patent; rechtswissenschaftliche Fakultät; rechtswissenschaftlicher Professor; siebenter Titel; strafrechtliche Sanktion; technische Information; technische Maßnahme; verwandter Schutzrechter; vierter Titel; weitere Verarbeitung; weitere Wiedereingliederung; zukünftiger Artikel; zusätzliches Zertifikat</subfield><subfield code="2">idssg-J</subfield></datafield><datafield ind1=" " ind2=" " tag="690"><subfield code="a">Schweiz C4EXSI; Deutschland C4EUGE</subfield><subfield code="2">idssg-J</subfield></datafield><datafield ind1=" " ind2=" " tag="690"><subfield code="a">Abkürzung Allgemeine Bibliographie Artikel; Amt Europäischen Patentanmeldung; Artikel Seiten Bundesgesetz; Artikel Seiten Titel Zivilund; endgültig Titel Schlussund Übergangsbestimmungen; Entwurf Heilmittelgesetz Oktober; europäisch Patents Änderungen; geistig Eigentum Gesetz; Intellectual Property; international Privatrecht Art.; Lichtenhahn Vorwort Liste; Marke Geschmacksmusterrecht Patent Act; Modell Act Designs LDes; Patent Register Veröffentlichungen; patent Patent Act; Protection Act; siebent Titel Zusätzliche Zertifikate; Strafrecht Universität Lausanne Rechtsanwalt Helbing; Supplementary Protection Certificates; Titel Allgemeine Bestimmungen; Titel Europäische Patentanmeldungen; Titel Internationale Patentanmeldungen; Universität Genf Philippe Gilliéron; Werra; Wettbewerbsbeschränkung Kartellgesetz Gesetz Bereitstellung; Zivilund Handelssachen LuganoÜbereinkommen</subfield><subfield code="2">idssg-J</subfield></datafield><datafield ind1=" " ind2=" " tag="691"><subfield code="e">PC 86 CH</subfield><subfield code="2">rzs-L1</subfield></datafield><datafield ind1=" " ind2=" " tag="691"><subfield code="e">346.494048</subfield><subfield code="a">Diritto della proprietà immateriale. Svizzera</subfield><subfield code="2">usi-TE</subfield></datafield><datafield ind1="1" ind2=" " tag="700"><subfield code="a">Gilliéron, Philippe</subfield></datafield><datafield ind1="1" ind2=" " tag="700"><subfield code="6">880-02</subfield><subfield code="a">Werra, Jacques &lt;&lt;de&gt;&gt;</subfield><subfield code="d">1970-</subfield><subfield code="0">(DE-588)1070220914</subfield></datafield><datafield ind1="1" ind2=" " tag="880"><subfield code="6">700-02</subfield><subfield code="a">Werra, Jacques de</subfield><subfield code="0">(IDREF)052525279</subfield></datafield><datafield ind1="1" ind2="2" tag="710"><subfield code="a">Suisse</subfield><subfield code="t">Lois et arrêtés</subfield></datafield><datafield ind1="1" ind2=" " tag="710"><subfield code="a">Schweiz</subfield><subfield code="0">(DE-588)4053881-3</subfield></datafield><datafield ind1=" " ind2=" " tag="751"><subfield code="a">Schweiz</subfield><subfield code="0">(DE-588)4053881-3</subfield></datafield><datafield ind1=" " ind2=" " tag="751"><subfield code="a">Schweiz</subfield><subfield code="0">(DE-588)4053881-3</subfield></datafield><datafield ind1=" " ind2=" " tag="751"><subfield code="a">Schweiz</subfield><subfield code="0">(DE-588)4053881-3</subfield></datafield><datafield ind1="4" ind2=" " tag="856"><subfield code="3">Titelblatt und Inhaltsverzeichnis</subfield><subfield code="u">https://toc.library.ethz.ch/objects/pdf03/z16_978-3-7190-2853-4_01.pdf</subfield><subfield code="q">pdf</subfield></datafield><datafield ind1=" " ind2="0" tag="830"><subfield code="a">Commentaire romand</subfield><subfield code="w">(SBT)000217096SBT01</subfield></datafield><datafield ind1=" " ind2=" " tag="900"><subfield code="a">IDSZ2zbzmon201402l</subfield><subfield code="c">IDSZ2sage</subfield><subfield code="d">IDSZ2zbzswk201402g</subfield><subfield code="e">IDSZ2bruu</subfield></datafield><datafield ind1=" " ind2=" " tag="900"><subfield code="a">IDSE5E51ANH-2013</subfield></datafield><datafield ind1=" " ind2=" " tag="900"><subfield code="a">IDSZ2rwimon201311e</subfield><subfield code="c">IDSZ2rosi 131113</subfield><subfield code="d">IDSZ2rwiswk201311b</subfield><subfield code="e">IDSZ2sust</subfield></datafield><datafield ind1=" " ind2=" " tag="949"><subfield code="a">https://toc.library.ethz.ch/objects/pdf03/z16_978-3-7190-2853-4_01.pdf</subfield></datafield></record>
</metadata></record>