<record><header><identifier>oai:alma.41SLSP_UGE:991000020879705502</identifier><datestamp>2024-05-27T00:08:23Z</datestamp><setSpec>uge_bcen_RapidILL_BOOK</setSpec><setSpec>uge_aaca_RapidILL_BOOK</setSpec><setSpec>uge_abels_RapidILL_BOOK</setSpec><setSpec>uge_dbu_RapidILL_BOOK</setSpec><setSpec>uge_cmu_RapidILL_BOOK</setSpec><setSpec>uge_mail_RapidILL_BOOK</setSpec><setSpec>uge_abbat_RapidILL_BOOK</setSpec><setSpec>UNIGE_ALL</setSpec><setSpec>uge_aobs_RapidILL_BOOK</setSpec><setSpec>uge_acar_RapidILL_BOOK</setSpec></header><metadata>
<record xmlns="http://www.loc.gov/MARC21/slim" xmlns:xsi="http://www.w3.org/2001/XMLSchema-instance" xsi:schemaLocation="http://www.loc.gov/MARC21/slim http://www.loc.gov/standards/marcxml/schema/MARC21slim.xsd"><leader>02846nam a2200625 c 4500</leader><controlfield tag="001">991000020879705502</controlfield><controlfield tag="005">20230414195722.0</controlfield><controlfield tag="008">201011s2011    gw ||||| m||| 00| ||ger d</controlfield><datafield ind1=" " ind2=" " tag="015"><subfield code="a">11,N20</subfield><subfield code="2">dnb</subfield></datafield><datafield ind1="7" ind2=" " tag="016"><subfield code="a">1011629267</subfield><subfield code="2">DE-101</subfield></datafield><datafield ind1=" " ind2=" " tag="020"><subfield code="a">9783786126539</subfield><subfield code="c">€ 59.-</subfield></datafield><datafield ind1=" " ind2=" " tag="020"><subfield code="a">3786126534</subfield></datafield><datafield ind1="7" ind2=" " tag="024"><subfield code="a">http://catalogue.bnf.fr/ark:/12148/cb42478939b</subfield><subfield code="2">uri</subfield></datafield><datafield ind1=" " ind2=" " tag="035"><subfield code="a">(swissbib)232361568-41slsp_network</subfield></datafield><datafield ind1=" " ind2=" " tag="035"><subfield code="a">232361568</subfield><subfield code="9">ExL</subfield></datafield><datafield ind1=" " ind2=" " tag="035"><subfield code="a">(RERO)R006310226-41slsp</subfield></datafield><datafield ind1=" " ind2=" " tag="035"><subfield code="a">(NEBIS)006830663EBI01</subfield></datafield><datafield ind1=" " ind2=" " tag="035"><subfield code="a">(IDSBB)005685167DSV01</subfield></datafield><datafield ind1=" " ind2=" " tag="035"><subfield code="a">(IDSLU)001028256ILU01</subfield></datafield><datafield ind1=" " ind2=" " tag="035"><subfield code="a">(OCoLC)729974251</subfield></datafield><datafield ind1=" " ind2=" " tag="035"><subfield code="a">(EXLNZ-41SLSP_NETWORK)991104856819705501</subfield></datafield><datafield ind1=" " ind2=" " tag="040"><subfield code="a">DEBSZ</subfield><subfield code="d">CH-ZuSLS</subfield></datafield><datafield ind1=" " ind2="7" tag="072"><subfield code="a">ba</subfield><subfield code="2">rero</subfield></datafield><datafield ind1=" " ind2="7" tag="072"><subfield code="a">kh</subfield><subfield code="2">SzZuIDS BS/BE</subfield></datafield><datafield ind1=" " ind2="7" tag="072"><subfield code="a">460</subfield><subfield code="2">IDS LU</subfield></datafield><datafield ind1="0" ind2="4" tag="082"><subfield code="a">759.9492</subfield><subfield code="2">22/ger</subfield></datafield><datafield ind1=" " ind2=" " tag="084"><subfield code="a">700</subfield><subfield code="2">sdnb</subfield></datafield><datafield ind1=" " ind2=" " tag="084"><subfield code="a">LI 19540</subfield><subfield code="2">rvk</subfield></datafield><datafield ind1="1" ind2=" " tag="100"><subfield code="6">880-01</subfield><subfield code="a">Pawlak, Anna</subfield><subfield code="c">historienne d'art</subfield><subfield code="d">19..-....</subfield><subfield code="0">(IDREF)157489914</subfield><subfield code="4">cre</subfield></datafield><datafield ind1="1" ind2=" " tag="880"><subfield code="a">Pawlak, Anna</subfield><subfield code="d">1978-</subfield><subfield code="0">(DE-588)1032157240</subfield><subfield code="6">100-01</subfield></datafield><datafield ind1="1" ind2="0" tag="245"><subfield code="a">Trilogie der Gottessuche</subfield><subfield code="b">Pieter Bruegels d. Ä. &quot;Sturz der gefallenen Engel&quot;, &quot;Triumph des Todes&quot; und &quot;Dulle Griet&quot;</subfield><subfield code="c">Anna Pawlak</subfield></datafield><datafield ind1=" " ind2="1" tag="264"><subfield code="a">Berlin</subfield><subfield code="b">Mann</subfield><subfield code="c">2011</subfield></datafield><datafield ind1=" " ind2=" " tag="300"><subfield code="a">252 p.</subfield><subfield code="b">ill. en noir et en coul.</subfield><subfield code="c">25 cm</subfield></datafield><datafield ind1=" " ind2=" " tag="336"><subfield code="b">txt</subfield><subfield code="2">rdacontent</subfield></datafield><datafield ind1=" " ind2=" " tag="337"><subfield code="b">n</subfield><subfield code="2">rdamedia</subfield></datafield><datafield ind1=" " ind2=" " tag="338"><subfield code="b">nc</subfield><subfield code="2">rdacarrier</subfield></datafield><datafield ind1=" " ind2=" " tag="502"><subfield code="a">Zugl.: Köln, Univ., Diss., 2008</subfield></datafield><datafield ind1="1" ind2="7" tag="600"><subfield code="a">Brueghel, Pieter</subfield><subfield code="c">(le Jeune).</subfield><subfield code="t">Chute des anges rebelles</subfield><subfield code="0">(RERO)A020477284</subfield><subfield code="2">rero</subfield></datafield><datafield ind1="1" ind2="7" tag="600"><subfield code="a">Brueghel, Pieter</subfield><subfield code="c">(le Jeune).</subfield><subfield code="t">Le Triomphe de la Mort</subfield><subfield code="0">(RERO)A010057602</subfield><subfield code="2">rero</subfield></datafield><datafield ind1="1" ind2="7" tag="600"><subfield code="a">Brueghel, Pieter</subfield><subfield code="c">(le Jeune).</subfield><subfield code="t">Dulle Griet</subfield><subfield code="0">(RERO)A020477285</subfield><subfield code="2">rero</subfield></datafield><datafield ind1="1" ind2="7" tag="600"><subfield code="a">Bruegel, Pieter</subfield><subfield code="c">de Oudere</subfield><subfield code="d">1525-1569</subfield><subfield code="0">(DE-588)118674013</subfield><subfield code="2">gnd</subfield></datafield><datafield ind1="1" ind2="0" tag="600"><subfield code="a">Bruegel, Pieter</subfield><subfield code="d">1526/30-1569</subfield><subfield code="c">de Oude</subfield></datafield><datafield ind1="1" ind2="0" tag="600"><subfield code="a">Bruegel, Pieter</subfield><subfield code="d">approximately 1525-1569</subfield><subfield code="t">Dulle Griet</subfield></datafield><datafield ind1="1" ind2="0" tag="600"><subfield code="a">Bruegel, Pieter</subfield><subfield code="d">approximately 1525-1569</subfield><subfield code="t">Fall of the rebel angels</subfield></datafield><datafield ind1="1" ind2="0" tag="600"><subfield code="a">Bruegel, Pieter</subfield><subfield code="d">approximately 1525-1569</subfield><subfield code="t">Triumph of death</subfield></datafield><datafield ind1="1" ind2="0" tag="600"><subfield code="a">Bruegel, Pieter</subfield><subfield code="d">approximately 1525-1569</subfield><subfield code="x">Criticism and interpretation</subfield></datafield><datafield ind1="1" ind2="7" tag="600"><subfield code="a">Bruegel, Pieter</subfield><subfield code="c">de Oudere</subfield><subfield code="d">1525-1569</subfield><subfield code="t">&lt;&lt;Der&gt;&gt; Sturz der aufrührerischen Engel</subfield><subfield code="0">(DE-588)7853123-8</subfield><subfield code="2">gnd</subfield></datafield><datafield ind1="1" ind2="7" tag="600"><subfield code="a">Bruegel, Pieter</subfield><subfield code="c">de Oudere</subfield><subfield code="d">1525-1569</subfield><subfield code="t">&lt;&lt;Die&gt;&gt; dulle Griet</subfield><subfield code="0">(DE-588)4370672-1</subfield><subfield code="2">gnd</subfield></datafield><datafield ind1="1" ind2="7" tag="600"><subfield code="a">Bruegel, Pieter</subfield><subfield code="c">de Oudere</subfield><subfield code="d">1525-1569</subfield><subfield code="t">Triumph des Todes</subfield><subfield code="0">(DE-588)4594089-7</subfield><subfield code="2">gnd</subfield></datafield><datafield ind1=" " ind2="7" tag="650"><subfield code="a">Bildprogramm</subfield><subfield code="0">(DE-588)4006632-0</subfield><subfield code="2">gnd</subfield></datafield><datafield ind1=" " ind2="7" tag="650"><subfield code="a">Malerei</subfield><subfield code="0">(DE-588)4037220-0</subfield><subfield code="2">gnd</subfield></datafield><datafield ind1=" " ind2="7" tag="650"><subfield code="a">Moraltheologie</subfield><subfield code="0">(DE-588)4074972-1</subfield><subfield code="2">gnd</subfield></datafield><datafield ind1=" " ind2="7" tag="655"><subfield code="a">Hochschulschrift</subfield><subfield code="2">gnd-content</subfield></datafield><datafield ind1="4" ind2=" " tag="856"><subfield code="3">Titelblatt und Inhaltsverzeichnis</subfield><subfield code="u">https://toc.library.ethz.ch/objects/pdf/z01_978-3-7861-2653-9_01.pdf</subfield><subfield code="q">pdf</subfield></datafield><datafield ind1=" " ind2=" " tag="900"><subfield code="a">IDSZ2zbzmon201201f</subfield><subfield code="c">IDSZ2knec</subfield><subfield code="d">IDSZ2zbzswk201207k</subfield><subfield code="e">IDSZ2kupp</subfield></datafield><datafield ind1=" " ind2=" " tag="949"><subfield code="a">https://toc.library.ethz.ch/objects/pdf/z01_978-3-7861-2653-9_01.pdf</subfield></datafield><datafield ind1=" " ind2=" " tag="993"><subfield code="a">BFLA 230767</subfield><subfield code="x">ge/ulha/a/11/1206</subfield><subfield code="9">LOCAL</subfield></datafield></record>
</metadata></record>