<record><header><identifier>oai:alma.41SLSP_UGE:991000021089705502</identifier><datestamp>2024-11-20T01:08:09Z</datestamp><setSpec>uge_bcen_RapidILL_BOOK</setSpec><setSpec>uge_aaca_RapidILL_BOOK</setSpec><setSpec>uge_abels_RapidILL_BOOK</setSpec><setSpec>uge_dbu_RapidILL_BOOK</setSpec><setSpec>uge_cmu_RapidILL_BOOK</setSpec><setSpec>uge_mail_RapidILL_BOOK</setSpec><setSpec>UNIGE_ALL</setSpec><setSpec>uge_abbat_RapidILL_BOOK</setSpec><setSpec>uge_aobs_RapidILL_BOOK</setSpec><setSpec>uge_acar_RapidILL_BOOK</setSpec></header><metadata>
<record xmlns="http://www.loc.gov/MARC21/slim" xmlns:xsi="http://www.w3.org/2001/XMLSchema-instance" xsi:schemaLocation="http://www.loc.gov/MARC21/slim http://www.loc.gov/standards/marcxml/schema/MARC21slim.xsd"><leader>01514naa a2200313 c 4500</leader><controlfield tag="001">991000021089705502</controlfield><controlfield tag="005">20230629191850.0</controlfield><controlfield tag="008">161111s2016    sz ||||| |||| 00| ||fre d</controlfield><datafield ind1=" " ind2=" " tag="035"><subfield code="a">(swissbib)123386470-41slsp_network</subfield></datafield><datafield ind1=" " ind2=" " tag="035"><subfield code="a">123386470</subfield><subfield code="9">ExL</subfield></datafield><datafield ind1=" " ind2=" " tag="035"><subfield code="a">(RERO)R008545541-41slsp</subfield></datafield><datafield ind1=" " ind2=" " tag="035"><subfield code="a">(EXLNZ-41SLSP_NETWORK)991018474899705501</subfield></datafield><datafield ind1=" " ind2=" " tag="040"><subfield code="a">RERO neubfd</subfield><subfield code="d">CH-ZuSLS</subfield></datafield><datafield ind1=" " ind2=" " tag="044"><subfield code="a">sz</subfield><subfield code="c">ch-ne</subfield><subfield code="a">sz</subfield><subfield code="c">ch-bs</subfield></datafield><datafield ind1=" " ind2="7" tag="072"><subfield code="a">dr</subfield><subfield code="2">rero</subfield></datafield><datafield ind1=" " ind2=" " tag="084"><subfield code="a">CA/CH 66.3 i</subfield><subfield code="2">cjurrom</subfield></datafield><datafield ind1="1" ind2=" " tag="100"><subfield code="a">Burgat, Sabrina</subfield><subfield code="d">1982-....</subfield><subfield code="0">(IDREF)238716015</subfield><subfield code="4">cre</subfield></datafield><datafield ind1="1" ind2="0" tag="245"><subfield code="a">Autorité parentale et prise en charge de l'enfant</subfield><subfield code="b">état des lieux</subfield><subfield code="c">par Sabrina Burgat</subfield></datafield><datafield ind1=" " ind2=" " tag="336"><subfield code="b">txt</subfield><subfield code="2">rdacontent</subfield></datafield><datafield ind1=" " ind2=" " tag="337"><subfield code="b">n</subfield><subfield code="2">rdamedia</subfield></datafield><datafield ind1=" " ind2=" " tag="338"><subfield code="b">nc</subfield><subfield code="2">rdacarrier</subfield></datafield><datafield ind1=" " ind2=" " tag="580"><subfield code="a">In: Le nouveau droit de l'entretien de l'enfant et du partage de la prévoyance. - Neuchâtel : Faculté de droit de l'Université de Neuchâtel ; Bâle : Helbing Lichtenhahn, 2016. - P. 107-129</subfield></datafield><datafield ind1=" " ind2="7" tag="650"><subfield code="a">gemeinsame elterliche Sorge</subfield><subfield code="9">ger</subfield><subfield code="0">(RERO)jurivoc000009430ger</subfield><subfield code="2">jurivoc</subfield></datafield><datafield ind1=" " ind2="7" tag="650"><subfield code="a">Aufenthaltsbestimmungsrecht</subfield><subfield code="9">ger</subfield><subfield code="0">(RERO)jurivoc000050380ger</subfield><subfield code="2">jurivoc</subfield></datafield><datafield ind1=" " ind2="7" tag="650"><subfield code="a">faktische Obhut</subfield><subfield code="9">ger</subfield><subfield code="0">(RERO)jurivoc000050367ger</subfield><subfield code="2">jurivoc</subfield></datafield><datafield ind1=" " ind2="7" tag="650"><subfield code="a">alternative Obhut</subfield><subfield code="9">ger</subfield><subfield code="0">(RERO)jurivoc000000886ger</subfield><subfield code="2">jurivoc</subfield></datafield><datafield ind1=" " ind2="7" tag="650"><subfield code="a">persönlicher Verkehr</subfield><subfield code="9">ger</subfield><subfield code="0">(RERO)jurivoc000017106ger</subfield><subfield code="2">jurivoc</subfield></datafield><datafield ind1=" " ind2="7" tag="650"><subfield code="a">Kinderbetreuung</subfield><subfield code="9">ger</subfield><subfield code="0">(RERO)jurivoc000050802ger</subfield><subfield code="2">jurivoc</subfield></datafield><datafield ind1=" " ind2="7" tag="651"><subfield code="a">Schweiz</subfield><subfield code="9">ger</subfield><subfield code="0">(RERO)jurivoc000019912ger</subfield><subfield code="2">jurivoc</subfield></datafield><datafield ind1="0" ind2=" " tag="773"><subfield code="t">Nouveau droit de l'entretien de l'enfant et du partage de la prévoyance</subfield><subfield code="g">107</subfield><subfield code="w">(RERO)R008477088-41slsp</subfield></datafield></record>
</metadata></record>