<record><header><identifier>oai:alma.41SLSP_UGE:991000021499705502</identifier><datestamp>2023-03-01T01:09:06Z</datestamp><setSpec>uge_bcen_RapidILL_BOOK</setSpec><setSpec>uge_aaca_RapidILL_BOOK</setSpec><setSpec>uge_abels_RapidILL_BOOK</setSpec><setSpec>uge_dbu_RapidILL_BOOK</setSpec><setSpec>uge_cmu_RapidILL_BOOK</setSpec><setSpec>uge_mail_RapidILL_BOOK</setSpec><setSpec>UNIGE_ALL</setSpec><setSpec>uge_abbat_RapidILL_BOOK</setSpec><setSpec>uge_aobs_RapidILL_BOOK</setSpec><setSpec>uge_acar_RapidILL_BOOK</setSpec></header><metadata>
<record xmlns="http://www.loc.gov/MARC21/slim" xmlns:xsi="http://www.w3.org/2001/XMLSchema-instance" xsi:schemaLocation="http://www.loc.gov/MARC21/slim http://www.loc.gov/standards/marcxml/schema/MARC21slim.xsd"><leader>00972nam a22002772c 4500</leader><controlfield tag="001">991000021499705502</controlfield><controlfield tag="005">20201227165642.0</controlfield><controlfield tag="008">160401s2016    fr ||||| |||| 00| ||fre d</controlfield><datafield ind1=" " ind2=" " tag="020"><subfield code="a">9782081382756</subfield></datafield><datafield ind1=" " ind2=" " tag="035"><subfield code="a">(swissbib)122767918-41slsp_network</subfield></datafield><datafield ind1=" " ind2=" " tag="035"><subfield code="a">122767918</subfield><subfield code="9">ExL</subfield></datafield><datafield ind1=" " ind2=" " tag="035"><subfield code="a">(RERO)R008399346-41slsp</subfield></datafield><datafield ind1=" " ind2=" " tag="035"><subfield code="a">(EXLNZ-41SLSP_NETWORK)991159120739705501</subfield></datafield><datafield ind1=" " ind2=" " tag="040"><subfield code="a">RERO vdbcul</subfield><subfield code="d">CH-ZuSLS</subfield></datafield><datafield ind1=" " ind2="7" tag="072"><subfield code="a">fr</subfield><subfield code="2">rero</subfield></datafield><datafield ind1="1" ind2=" " tag="100"><subfield code="a">Tzara, Tristan</subfield><subfield code="0">(RERO)A003916737</subfield><subfield code="4">cre</subfield></datafield><datafield ind1="1" ind2="0" tag="245"><subfield code="a">Dada est tatou, tout est dada</subfield><subfield code="c">Tristan Tzara ; introduction, établissement du texte, notes, bibliographie et chronologie par Henri Béhar</subfield></datafield><datafield ind1=" " ind2="1" tag="264"><subfield code="a">Paris</subfield><subfield code="b">GF-Flammarion</subfield><subfield code="c">2016</subfield></datafield><datafield ind1=" " ind2=" " tag="300"><subfield code="a">384 p.</subfield></datafield><datafield ind1=" " ind2=" " tag="336"><subfield code="b">txt</subfield><subfield code="2">rdacontent</subfield></datafield><datafield ind1=" " ind2=" " tag="337"><subfield code="b">n</subfield><subfield code="2">rdamedia</subfield></datafield><datafield ind1=" " ind2=" " tag="338"><subfield code="b">nc</subfield><subfield code="2">rdacarrier</subfield></datafield><datafield ind1="1" ind2=" " tag="490"><subfield code="a">GF</subfield><subfield code="v">892</subfield></datafield><datafield ind1=" " ind2=" " tag="500"><subfield code="a">La page de titre porte: Bibliographie mise à jour en 2016</subfield></datafield><datafield ind1="1" ind2=" " tag="700"><subfield code="a">Béhar, Henri</subfield><subfield code="d">1940-....</subfield><subfield code="0">(IDREF)026714728</subfield></datafield><datafield ind1=" " ind2=" " tag="830"><subfield code="a">GF Texte intégral</subfield><subfield code="v">892</subfield><subfield code="w">(RERO)0288889-41slsp</subfield></datafield><datafield ind1=" " ind2=" " tag="900"><subfield code="a">REROnoselfmerge</subfield></datafield></record>
</metadata></record>