<record><header><identifier>oai:alma.41SLSP_UGE:991000028389705502</identifier><datestamp>2024-05-20T00:36:04Z</datestamp><setSpec>uge_bcen_RapidILL_BOOK</setSpec><setSpec>uge_aaca_RapidILL_BOOK</setSpec><setSpec>uge_abels_RapidILL_BOOK</setSpec><setSpec>uge_dbu_RapidILL_BOOK</setSpec><setSpec>uge_cmu_RapidILL_BOOK</setSpec><setSpec>uge_mail_RapidILL_BOOK</setSpec><setSpec>uge_abbat_RapidILL_BOOK</setSpec><setSpec>UNIGE_ALL</setSpec><setSpec>uge_aobs_RapidILL_BOOK</setSpec><setSpec>uge_acar_RapidILL_BOOK</setSpec></header><metadata>
<record xmlns="http://www.loc.gov/MARC21/slim" xmlns:xsi="http://www.w3.org/2001/XMLSchema-instance" xsi:schemaLocation="http://www.loc.gov/MARC21/slim http://www.loc.gov/standards/marcxml/schema/MARC21slim.xsd"><leader>02256nam a2200565 c 4500</leader><controlfield tag="001">991000028389705502</controlfield><controlfield tag="005">20230407210548.0</controlfield><controlfield tag="008">201011s1960    sw ||||| |||| 10| ||eng d</controlfield><datafield ind1="8" ind2=" " tag="024"><subfield code="a">BBAWgra02_000670</subfield></datafield><datafield ind1="8" ind2=" " tag="024"><subfield code="a">BBAWre_00_700000732</subfield></datafield><datafield ind1="8" ind2=" " tag="024"><subfield code="a">BBAWre_00_g019995816</subfield></datafield><datafield ind1=" " ind2=" " tag="035"><subfield code="a">(swissbib)225442841-41slsp_network</subfield></datafield><datafield ind1=" " ind2=" " tag="035"><subfield code="a">225442841</subfield><subfield code="9">ExL</subfield></datafield><datafield ind1=" " ind2=" " tag="035"><subfield code="a">(RERO)0757525-41slsp</subfield></datafield><datafield ind1=" " ind2=" " tag="035"><subfield code="a">(IDSBB)000155720DSV01</subfield></datafield><datafield ind1=" " ind2=" " tag="035"><subfield code="a">(NEBIS)003103967EBI01</subfield></datafield><datafield ind1=" " ind2=" " tag="035"><subfield code="a">(OCoLC)299633796</subfield></datafield><datafield ind1=" " ind2=" " tag="035"><subfield code="a">(EXLNZ-41SLSP_NETWORK)991131505459705501</subfield></datafield><datafield ind1=" " ind2=" " tag="040"><subfield code="a">RERO frbcuc</subfield><subfield code="d">CH-ZuSLS</subfield></datafield><datafield ind1=" " ind2=" " tag="050"><subfield code="a">B485</subfield></datafield><datafield ind1=" " ind2="7" tag="072"><subfield code="a">ph</subfield><subfield code="2">rero</subfield></datafield><datafield ind1=" " ind2="7" tag="072"><subfield code="a">gr</subfield><subfield code="2">rero</subfield></datafield><datafield ind1=" " ind2="7" tag="072"><subfield code="a">kp</subfield><subfield code="2">SzZuIDS BS/BE</subfield></datafield><datafield ind1="1" ind2=" " tag="080"><subfield code="a">1&quot;-03&quot;(09)(082)</subfield></datafield><datafield ind1="0" ind2="4" tag="082"><subfield code="a">480.5</subfield><subfield code="b">S933, v.11</subfield></datafield><datafield ind1=" " ind2=" " tag="084"><subfield code="a">08.21 ; Griechische Philosophie ; römische Philosophie</subfield><subfield code="2">bcc</subfield></datafield><datafield ind1="0" ind2="0" tag="245"><subfield code="a">Aristotle and Plato in the mid-fourth century</subfield><subfield code="b">papers of the Symposium Aristotelicum held at Oxford in August, 1957</subfield><subfield code="c">ed. by I. Düring and G.E.L. Owen</subfield></datafield><datafield ind1=" " ind2="1" tag="264"><subfield code="a">Göteborg</subfield><subfield code="b">[Almquist &amp; Wiksell]</subfield><subfield code="c">1960</subfield></datafield><datafield ind1=" " ind2=" " tag="300"><subfield code="a">X, 279 p.</subfield><subfield code="c">24 cm</subfield></datafield><datafield ind1=" " ind2=" " tag="336"><subfield code="b">txt</subfield><subfield code="2">rdacontent</subfield></datafield><datafield ind1=" " ind2=" " tag="337"><subfield code="b">n</subfield><subfield code="2">rdamedia</subfield></datafield><datafield ind1=" " ind2=" " tag="338"><subfield code="b">nc</subfield><subfield code="2">rdacarrier</subfield></datafield><datafield ind1="1" ind2=" " tag="490"><subfield code="a">Studia Graeca et Latina Gothoburgensia</subfield><subfield code="v">11</subfield></datafield><datafield ind1="0" ind2="7" tag="600"><subfield code="a">Aristote</subfield><subfield code="c">philosophe</subfield><subfield code="d">0384-0322 av. J.-C.</subfield><subfield code="0">(IDREF)026690276</subfield><subfield code="2">idref</subfield></datafield><datafield ind1="0" ind2="7" tag="600"><subfield code="a">Platon</subfield><subfield code="d">0427?-0348? av. J.-C.</subfield><subfield code="0">(IDREF)027076164</subfield><subfield code="2">idref</subfield></datafield><datafield ind1="0" ind2="4" tag="600"><subfield code="a">Aristoteles</subfield><subfield code="d">v384-v322</subfield></datafield><datafield ind1="0" ind2="4" tag="600"><subfield code="a">Plato</subfield><subfield code="d">v427-v347</subfield></datafield><datafield ind1=" " ind2="7" tag="650"><subfield code="a">4e siècle av. J.-C. (milieu)</subfield><subfield code="0">(RERO)A026995203</subfield><subfield code="2">rero</subfield></datafield><datafield ind1=" " ind2="7" tag="650"><subfield code="a">Académie (philosophie grecque)</subfield><subfield code="0">(IDREF)027361284</subfield><subfield code="2">idref</subfield></datafield><datafield ind1=" " ind2="7" tag="655"><subfield code="a">Actes de congrès</subfield><subfield code="0">(IDREF)02886431X</subfield><subfield code="2">idref</subfield></datafield><datafield ind1=" " ind2="7" tag="655"><subfield code="a">Konferenzschrift</subfield><subfield code="z">Oxford</subfield><subfield code="y">1957</subfield><subfield code="2">gnd-content</subfield></datafield><datafield ind1=" " ind2="7" tag="655"><subfield code="a">Konferenzschrift</subfield><subfield code="z">Oxford (Great Britain)</subfield><subfield code="y">1957</subfield><subfield code="2">gnd-content</subfield></datafield><datafield ind1="1" ind2=" " tag="700"><subfield code="a">Owen, Gwilym Ellis Lane</subfield></datafield><datafield ind1="1" ind2=" " tag="700"><subfield code="a">Düring, Ingemar</subfield><subfield code="d">1903-1984</subfield><subfield code="0">(DE-588)116239557</subfield><subfield code="6">880-02</subfield></datafield><datafield ind1="1" ind2=" " tag="880"><subfield code="6">700-02</subfield><subfield code="a">Düring, Ingemar</subfield><subfield code="d">1903-1984</subfield><subfield code="0">(IDREF)032439032</subfield></datafield><datafield ind1="2" ind2=" " tag="711"><subfield code="a">Symposium Aristotelicum</subfield><subfield code="0">(DE-588)3217-7</subfield></datafield><datafield ind1="2" ind2=" " tag="711"><subfield code="a">Symposium Aristotelicum</subfield><subfield code="0">(DE-588)3217-7</subfield></datafield><datafield ind1="2" ind2=" " tag="711"><subfield code="a">Symposium Aristotelicum</subfield><subfield code="n">1</subfield><subfield code="d">1957</subfield><subfield code="c">Oxford</subfield><subfield code="0">(RERO)A016234216</subfield></datafield><datafield ind1=" " ind2=" " tag="830"><subfield code="a">Studia Graeca et Latina Gothoburgensia</subfield><subfield code="v">11</subfield><subfield code="w">(NEBIS)000987602EBI01</subfield></datafield><datafield ind1=" " ind2=" " tag="900"><subfield code="a">REROnoselfmerge</subfield></datafield><datafield ind1=" " ind2=" " tag="900"><subfield code="a">IDSZRMedeaZBZ</subfield><subfield code="b">IDSZRSWK</subfield></datafield></record>
</metadata></record>