<record><header><identifier>oai:alma.41SLSP_UGE:991000028509705502</identifier><datestamp>2023-04-01T00:12:36Z</datestamp><setSpec>uge_bcen_RapidILL_BOOK</setSpec><setSpec>uge_aaca_RapidILL_BOOK</setSpec><setSpec>uge_abels_RapidILL_BOOK</setSpec><setSpec>uge_dbu_RapidILL_BOOK</setSpec><setSpec>uge_cmu_RapidILL_BOOK</setSpec><setSpec>uge_mail_RapidILL_BOOK</setSpec><setSpec>uge_abbat_RapidILL_BOOK</setSpec><setSpec>UNIGE_ALL</setSpec><setSpec>uge_aobs_RapidILL_BOOK</setSpec><setSpec>uge_acar_RapidILL_BOOK</setSpec></header><metadata>
<record xmlns="http://www.loc.gov/MARC21/slim" xmlns:xsi="http://www.w3.org/2001/XMLSchema-instance" xsi:schemaLocation="http://www.loc.gov/MARC21/slim http://www.loc.gov/standards/marcxml/schema/MARC21slim.xsd"><leader>02759nam a2200685 c 4500</leader><controlfield tag="001">991000028509705502</controlfield><controlfield tag="005">20230331205826.0</controlfield><controlfield tag="008">201012s2000    au ||||| |||| 00| ||ger d</controlfield><datafield ind1=" " ind2=" " tag="020"><subfield code="a">3900345066</subfield></datafield><datafield ind1=" " ind2=" " tag="035"><subfield code="a">(swissbib)234728655-41slsp_network</subfield></datafield><datafield ind1=" " ind2=" " tag="035"><subfield code="a">234728655</subfield><subfield code="9">ExL</subfield></datafield><datafield ind1=" " ind2=" " tag="035"><subfield code="a">(RERO)R276493760-41slsp</subfield></datafield><datafield ind1=" " ind2=" " tag="035"><subfield code="a">(IDSLU)001170656ILU01</subfield></datafield><datafield ind1=" " ind2=" " tag="035"><subfield code="a">(NEBIS)003919744EBI01</subfield></datafield><datafield ind1=" " ind2=" " tag="035"><subfield code="a">(IDSBB)002244428DSV01</subfield></datafield><datafield ind1=" " ind2=" " tag="035"><subfield code="a">(EXLNZ-41SLSP_NETWORK)991146511989705501</subfield></datafield><datafield ind1=" " ind2=" " tag="040"><subfield code="a">RERO gevbpu</subfield><subfield code="d">CH-ZuSLS</subfield></datafield><datafield ind1=" " ind2="7" tag="072"><subfield code="a">ar</subfield><subfield code="2">rero</subfield></datafield><datafield ind1=" " ind2="7" tag="072"><subfield code="a">710</subfield><subfield code="2">IDS LU</subfield></datafield><datafield ind1=" " ind2="7" tag="072"><subfield code="a">ar</subfield><subfield code="2">SzZuIDS BS/BE</subfield></datafield><datafield ind1="0" ind2="4" tag="082"><subfield code="a">892.1</subfield><subfield code="2">21</subfield></datafield><datafield ind1="1" ind2="4" tag="082"><subfield code="a">138.0935</subfield><subfield code="2">22</subfield></datafield><datafield ind1="1" ind2="4" tag="082"><subfield code="a">930</subfield><subfield code="2">15</subfield></datafield><datafield ind1="1" ind2=" " tag="100"><subfield code="a">Böck, Barbara</subfield><subfield code="d">19..-....</subfield><subfield code="0">(IDREF)117169692</subfield><subfield code="4">cre</subfield></datafield><datafield ind1="1" ind2="0" tag="245"><subfield code="a">&lt;&lt;Die&gt;&gt; babylonisch-assyrische Morphoskopie</subfield><subfield code="c">von Barbara Böck</subfield></datafield><datafield ind1=" " ind2="1" tag="264"><subfield code="a">Wien</subfield><subfield code="b">Institut für Orientalistik der Universität Wien</subfield><subfield code="c">2000</subfield></datafield><datafield ind1=" " ind2=" " tag="300"><subfield code="a">VI, 348, 32 p.</subfield><subfield code="b">ill.</subfield><subfield code="c">30 cm</subfield></datafield><datafield ind1=" " ind2=" " tag="336"><subfield code="b">txt</subfield><subfield code="2">rdacontent</subfield></datafield><datafield ind1=" " ind2=" " tag="337"><subfield code="b">n</subfield><subfield code="2">rdamedia</subfield></datafield><datafield ind1=" " ind2=" " tag="338"><subfield code="b">nc</subfield><subfield code="2">rdacarrier</subfield></datafield><datafield ind1="1" ind2=" " tag="490"><subfield code="a">Archiv für Orientforschung. Beiheft</subfield><subfield code="v">27</subfield></datafield><datafield ind1=" " ind2=" " tag="502"><subfield code="a">Überarb. und erw. Diss. FU Berlin, 1996</subfield></datafield><datafield ind1=" " ind2="7" tag="648"><subfield code="a">Geschichte</subfield><subfield code="2">gnd</subfield></datafield><datafield ind1=" " ind2="7" tag="648"><subfield code="a">Geschichte 2000 v. Chr.-300 v. Chr</subfield><subfield code="2">gnd</subfield></datafield><datafield ind1=" " ind2="7" tag="648"><subfield code="a">Geschichte</subfield><subfield code="2">idszbz</subfield></datafield><datafield ind1=" " ind2="7" tag="648"><subfield code="a">Geschichte 2000 v. Chr.-300 v. Chr</subfield><subfield code="2">idszbz</subfield></datafield><datafield ind1=" " ind2="7" tag="650"><subfield code="a">Akkadien (langue)</subfield><subfield code="0">(IDREF)027218716</subfield><subfield code="2">idref</subfield></datafield><datafield ind1=" " ind2="7" tag="650"><subfield code="a">Divination</subfield><subfield code="0">(IDREF)027313271</subfield><subfield code="2">idref</subfield></datafield><datafield ind1=" " ind2="7" tag="650"><subfield code="a">Littérature assyro-babylonienne</subfield><subfield code="0">(IDREF)027801233</subfield><subfield code="2">idref</subfield></datafield><datafield ind1=" " ind2="7" tag="650"><subfield code="a">Akkadisch</subfield><subfield code="0">(DE-588)4084837-1</subfield><subfield code="2">gnd</subfield></datafield><datafield ind1=" " ind2="7" tag="650"><subfield code="a">Morphologie</subfield><subfield code="g">Biologie</subfield><subfield code="0">(DE-588)4407742-7</subfield><subfield code="2">gnd</subfield></datafield><datafield ind1=" " ind2="7" tag="650"><subfield code="a">Wahrsagen</subfield><subfield code="0">(DE-588)4079012-5</subfield><subfield code="2">gnd</subfield></datafield><datafield ind1=" " ind2="7" tag="650"><subfield code="a">Akkadisch</subfield><subfield code="2">idszbz</subfield></datafield><datafield ind1=" " ind2="7" tag="650"><subfield code="a">Divination</subfield><subfield code="0">(DE-588)4131154-1</subfield><subfield code="2">gnd</subfield></datafield><datafield ind1=" " ind2="7" tag="650"><subfield code="a">Keilschrifttext</subfield><subfield code="0">(DE-588)4130946-7</subfield><subfield code="2">gnd</subfield></datafield><datafield ind1=" " ind2="7" tag="650"><subfield code="a">Morphologie (Biologie)</subfield><subfield code="2">idszbz</subfield></datafield><datafield ind1=" " ind2="7" tag="650"><subfield code="a">Wahrsagen</subfield><subfield code="2">idszbz</subfield></datafield><datafield ind1=" " ind2="0" tag="650"><subfield code="a">Akkadian language</subfield><subfield code="v">Texts</subfield></datafield><datafield ind1=" " ind2="0" tag="650"><subfield code="a">Assyro-Babylonian literature</subfield></datafield><datafield ind1=" " ind2="0" tag="650"><subfield code="a">Divination</subfield><subfield code="z">Iraq</subfield><subfield code="z">Babylon (Extinct city)</subfield></datafield><datafield ind1=" " ind2="7" tag="650"><subfield code="a">Prophezeiung</subfield><subfield code="z">Babylonien</subfield><subfield code="v">Quelle</subfield><subfield code="2">idsbb</subfield></datafield><datafield ind1=" " ind2="7" tag="650"><subfield code="a">Inschrift</subfield><subfield code="z">akkadische</subfield><subfield code="v">Text</subfield><subfield code="2">idsbb</subfield></datafield><datafield ind1=" " ind2="7" tag="655"><subfield code="a">Hochschulschrift</subfield><subfield code="2">gnd-content</subfield></datafield><datafield ind1="4" ind2=" " tag="856"><subfield code="3">Inhaltsverzeichnis</subfield><subfield code="u">https://www.ub.unibas.ch/tox/IDSLUZ/001170656/PDF</subfield><subfield code="q">pdf</subfield></datafield><datafield ind1=" " ind2="0" tag="830"><subfield code="a">Archiv für Orientforschung</subfield><subfield code="p">Beiheft</subfield><subfield code="v">27</subfield><subfield code="w">(IDSLU)000162022ILU01</subfield></datafield><datafield ind1=" " ind2="0" tag="830"><subfield code="a">Archiv für Orientforschung</subfield><subfield code="p">Beiheft</subfield><subfield code="v">27</subfield><subfield code="w">(IDSBB)000149201DSV01</subfield></datafield><datafield ind1=" " ind2="0" tag="830"><subfield code="a">Archiv für Orientforschung</subfield><subfield code="p">Beihefte</subfield><subfield code="v">27</subfield><subfield code="w">(RERO)0048911-41slsp</subfield></datafield><datafield ind1=" " ind2="0" tag="830"><subfield code="a">Archiv für Orientforschung</subfield><subfield code="p">Beiheft</subfield><subfield code="v">27</subfield><subfield code="w">(NEBIS)000987404EBI01</subfield></datafield><datafield ind1=" " ind2=" " tag="900"><subfield code="a">REROnoselfmerge</subfield></datafield><datafield ind1=" " ind2=" " tag="900"><subfield code="a">IDSZ2zbzmon200008e</subfield><subfield code="c">IDSZ2baeh 000817</subfield><subfield code="d">IDSZ2zbzswk200008b</subfield><subfield code="e">IDSZ2brue</subfield></datafield><datafield ind1=" " ind2=" " tag="949"><subfield code="a">https://www.ub.unibas.ch/tox/IDSLUZ/001170656/PDF</subfield></datafield></record>
</metadata></record>