<record><header><identifier>oai:alma.41SLSP_UGE:991000027989705502</identifier><datestamp>2023-06-30T00:19:47Z</datestamp><setSpec>uge_bcen_RapidILL_BOOK</setSpec><setSpec>uge_aaca_RapidILL_BOOK</setSpec><setSpec>uge_abels_RapidILL_BOOK</setSpec><setSpec>uge_dbu_RapidILL_BOOK</setSpec><setSpec>uge_cmu_RapidILL_BOOK</setSpec><setSpec>uge_mail_RapidILL_BOOK</setSpec><setSpec>uge_abbat_RapidILL_BOOK</setSpec><setSpec>UNIGE_ALL</setSpec><setSpec>uge_aobs_RapidILL_BOOK</setSpec><setSpec>uge_acar_RapidILL_BOOK</setSpec></header><metadata>
<record xmlns="http://www.loc.gov/MARC21/slim" xmlns:xsi="http://www.w3.org/2001/XMLSchema-instance" xsi:schemaLocation="http://www.loc.gov/MARC21/slim http://www.loc.gov/standards/marcxml/schema/MARC21slim.xsd"><leader>02252nam a2200469 c 4500</leader><controlfield tag="001">991000027989705502</controlfield><controlfield tag="005">20230629194349.0</controlfield><controlfield tag="008">031103s2003    sz ||||| |||| 00| ||ger d</controlfield><datafield ind1=" " ind2=" " tag="020"><subfield code="z">3906709353</subfield><subfield code="c">Fr. 38.-</subfield></datafield><datafield ind1=" " ind2=" " tag="035"><subfield code="a">(swissbib)099893215-41slsp_network</subfield></datafield><datafield ind1=" " ind2=" " tag="035"><subfield code="a">099893215</subfield><subfield code="9">ExL</subfield></datafield><datafield ind1=" " ind2=" " tag="035"><subfield code="a">(RERO)R003533352-41slsp</subfield></datafield><datafield ind1=" " ind2=" " tag="035"><subfield code="a">(EXLNZ-41SLSP_NETWORK)991021376729705501</subfield></datafield><datafield ind1=" " ind2=" " tag="040"><subfield code="a">RERO jutc--</subfield><subfield code="d">CH-ZuSLS</subfield></datafield><datafield ind1=" " ind2=" " tag="044"><subfield code="a">sz</subfield><subfield code="c">ch-zh</subfield></datafield><datafield ind1=" " ind2="7" tag="072"><subfield code="a">dr</subfield><subfield code="2">rero</subfield></datafield><datafield ind1=" " ind2=" " tag="084"><subfield code="a">CA/CH 97.3 b</subfield><subfield code="2">cjurrom</subfield></datafield><datafield ind1="0" ind2="0" tag="245"><subfield code="a">SchKG</subfield><subfield code="b">Bundesgesetz über Schuldbetreibung und Konkurs : mit Nebenerlassen und weiteren Erlassen inklusive internationalem Konkursrecht</subfield><subfield code="c">hrsg. von Karl Spühler ; unter Mitwirkung von Claudia Spühler ; Sachregister von Alexander Kägi ; Sachregister zum internationalen Konkursrecht von Dominik Infanger</subfield></datafield><datafield ind1="1" ind2=" " tag="246"><subfield code="a">Bundesgesetz über Schuldbetreibung und Konkurs</subfield></datafield><datafield ind1=" " ind2=" " tag="250"><subfield code="a">5., erw. Aufl.</subfield></datafield><datafield ind1=" " ind2="1" tag="264"><subfield code="a">Zürich</subfield><subfield code="b">Liberalis</subfield><subfield code="c">[2003]</subfield></datafield><datafield ind1=" " ind2="4" tag="264"><subfield code="c">© 2003</subfield></datafield><datafield ind1=" " ind2=" " tag="300"><subfield code="a">358 S.</subfield><subfield code="c">19 cm</subfield></datafield><datafield ind1=" " ind2=" " tag="336"><subfield code="b">txt</subfield><subfield code="2">rdacontent</subfield></datafield><datafield ind1=" " ind2=" " tag="337"><subfield code="b">n</subfield><subfield code="2">rdamedia</subfield></datafield><datafield ind1=" " ind2=" " tag="338"><subfield code="b">nc</subfield><subfield code="2">rdacarrier</subfield></datafield><datafield ind1="1" ind2=" " tag="490"><subfield code="a">Textausgaben schweizerischer Gesetzeswerke</subfield></datafield><datafield ind1=" " ind2=" " tag="500"><subfield code="a">Bundesgesetz über Schuldbetreibung und Konkurs vom 11. April 1889</subfield></datafield><datafield ind1=" " ind2=" " tag="500"><subfield code="a">Sachregister</subfield></datafield><datafield ind1=" " ind2=" " tag="500"><subfield code="a">Enthält: Bundesgesetz über Schuldbetreibung und Konkurs (SchKG) vom 11. April 1889</subfield></datafield><datafield ind1=" " ind2="7" tag="650"><subfield code="a">Schuldbetreibungs- und Konkursrecht</subfield><subfield code="9">ger</subfield><subfield code="0">(RERO)jurivoc000019724ger</subfield><subfield code="2">jurivoc</subfield></datafield><datafield ind1=" " ind2="7" tag="650"><subfield code="a">Bundesgesetz über Schuldbetreibung und Konkurs</subfield><subfield code="9">ger</subfield><subfield code="0">(RERO)jurivoc000004872ger</subfield><subfield code="2">jurivoc</subfield></datafield><datafield ind1=" " ind2="7" tag="650"><subfield code="a">poursuite pour dettes</subfield><subfield code="0">(RERO)A009953226</subfield><subfield code="2">rerovoc</subfield></datafield><datafield ind1=" " ind2="7" tag="650"><subfield code="a">Faillite</subfield><subfield code="0">(IDREF)027606236</subfield><subfield code="2">idref</subfield></datafield><datafield ind1=" " ind2="7" tag="651"><subfield code="a">Schweiz</subfield><subfield code="9">ger</subfield><subfield code="0">(RERO)jurivoc000019912ger</subfield><subfield code="2">jurivoc</subfield></datafield><datafield ind1=" " ind2="7" tag="651"><subfield code="a">Suisse</subfield><subfield code="0">(IDREF)027249654</subfield><subfield code="2">idref</subfield></datafield><datafield ind1=" " ind2="7" tag="655"><subfield code="a">Textreproduktion</subfield><subfield code="9">ger</subfield><subfield code="2">jurivoc</subfield><subfield code="0">(RERO)jurivoc000022433ger</subfield></datafield><datafield ind1=" " ind2="7" tag="655"><subfield code="a">[texte législatif]</subfield><subfield code="2">rerovoc</subfield><subfield code="0">(RERO)A009950157</subfield></datafield><datafield ind1="1" ind2=" " tag="700"><subfield code="a">Spühler, Karl</subfield><subfield code="c">juriste</subfield><subfield code="0">(IDREF)061225150</subfield></datafield><datafield ind1="1" ind2=" " tag="700"><subfield code="a">Kägi, Alexander</subfield><subfield code="d">1930-....</subfield><subfield code="0">(IDREF)178074357</subfield></datafield><datafield ind1="1" ind2=" " tag="700"><subfield code="a">Infanger, Dominik Christopher</subfield><subfield code="c">juriste</subfield><subfield code="d">1968-....</subfield><subfield code="0">(IDREF)066825636</subfield></datafield><datafield ind1="1" ind2="2" tag="710"><subfield code="a">Suisse</subfield><subfield code="t">Lois et arrêtés</subfield><subfield code="d">1889</subfield></datafield><datafield ind1=" " ind2="0" tag="830"><subfield code="a">Textausgaben schweizerischer Gesetzeswerke</subfield><subfield code="w">(RERO)1579955-41slsp</subfield></datafield></record>
</metadata></record>