<record><header><identifier>oai:alma.41SLSP_UGE:991000028719705502</identifier><datestamp>2024-03-07T01:22:15Z</datestamp><setSpec>uge_bcen_RapidILL_BOOK</setSpec><setSpec>uge_aaca_RapidILL_BOOK</setSpec><setSpec>uge_abels_RapidILL_BOOK</setSpec><setSpec>uge_dbu_RapidILL_BOOK</setSpec><setSpec>uge_cmu_RapidILL_BOOK</setSpec><setSpec>uge_mail_RapidILL_BOOK</setSpec><setSpec>uge_abbat_RapidILL_BOOK</setSpec><setSpec>UNIGE_ALL</setSpec><setSpec>uge_acar_RapidILL_BOOK</setSpec><setSpec>uge_aobs_RapidILL_BOOK</setSpec></header><metadata>
<record xmlns="http://www.loc.gov/MARC21/slim" xmlns:xsi="http://www.w3.org/2001/XMLSchema-instance" xsi:schemaLocation="http://www.loc.gov/MARC21/slim http://www.loc.gov/standards/marcxml/schema/MARC21slim.xsd"><leader>02001nam a2200505 c 4500</leader><controlfield tag="001">991000028719705502</controlfield><controlfield tag="005">20230123200724.0</controlfield><controlfield tag="008">201011s1989    xxk           00| | eng  </controlfield><datafield ind1=" " ind2=" " tag="020"><subfield code="a">0856673536</subfield></datafield><datafield ind1="7" ind2=" " tag="024"><subfield code="a">http://catalogue.bnf.fr/ark:/12148/cb37388201b</subfield><subfield code="2">uri</subfield></datafield><datafield ind1=" " ind2=" " tag="035"><subfield code="a">(swissbib)226319113-41slsp_network</subfield></datafield><datafield ind1=" " ind2=" " tag="035"><subfield code="a">226319113</subfield><subfield code="9">ExL</subfield></datafield><datafield ind1=" " ind2=" " tag="035"><subfield code="a">(IDSBB)002768421DSV01</subfield></datafield><datafield ind1=" " ind2=" " tag="035"><subfield code="a">(RERO)1107837-41slsp</subfield></datafield><datafield ind1=" " ind2=" " tag="035"><subfield code="a">(NEBIS)009044758EBI01</subfield></datafield><datafield ind1=" " ind2=" " tag="035"><subfield code="a">(EXLNZ-41SLSP_NETWORK)991110269099705501</subfield></datafield><datafield ind1=" " ind2=" " tag="040"><subfield code="a">SzZuIDS BS/BE A300</subfield><subfield code="e">kids</subfield><subfield code="d">CH-ZuSLS</subfield></datafield><datafield ind1=" " ind2="7" tag="072"><subfield code="a">ba</subfield><subfield code="2">rero</subfield></datafield><datafield ind1=" " ind2=" " tag="084"><subfield code="a">9,10</subfield><subfield code="2">ssgn</subfield></datafield><datafield ind1="1" ind2=" " tag="100"><subfield code="a">Eisler, Colin</subfield></datafield><datafield ind1="1" ind2="0" tag="245"><subfield code="a">Early Netherlandish painting</subfield><subfield code="c">Colin Eisler</subfield></datafield><datafield ind1=" " ind2="1" tag="264"><subfield code="a">London</subfield><subfield code="b">Sotheby's Publications</subfield><subfield code="c">1989</subfield></datafield><datafield ind1=" " ind2=" " tag="300"><subfield code="a">280 p.</subfield><subfield code="b">ill</subfield><subfield code="c">31 cm</subfield></datafield><datafield ind1=" " ind2=" " tag="336"><subfield code="b">txt</subfield><subfield code="2">rdacontent</subfield></datafield><datafield ind1=" " ind2=" " tag="337"><subfield code="b">n</subfield><subfield code="2">rdamedia</subfield></datafield><datafield ind1=" " ind2=" " tag="338"><subfield code="b">nc</subfield><subfield code="2">rdacarrier</subfield></datafield><datafield ind1="1" ind2=" " tag="490"><subfield code="a">The Thyssen-Bornemisza Collection</subfield></datafield><datafield ind1="0" ind2="7" tag="600"><subfield code="a">Thyssen-Bornemisza</subfield><subfield code="c">(famille)</subfield><subfield code="0">(RERO)A009990665</subfield><subfield code="2">rero</subfield></datafield><datafield ind1=" " ind2="7" tag="650"><subfield code="a">collection</subfield><subfield code="0">(RERO)A009971137</subfield><subfield code="2">rerovoc</subfield></datafield><datafield ind1=" " ind2="7" tag="650"><subfield code="a">15e siècle-16e siècle (1re moitié)</subfield><subfield code="0">(RERO)A023617009</subfield><subfield code="2">rero</subfield></datafield><datafield ind1=" " ind2="7" tag="650"><subfield code="a">Peinture flamande</subfield><subfield code="0">(IDREF)02729952X</subfield><subfield code="2">idref</subfield></datafield><datafield ind1=" " ind2="7" tag="650"><subfield code="a">Peinture néerlandaise</subfield><subfield code="0">(IDREF)027450430</subfield><subfield code="2">idref</subfield></datafield><datafield ind1=" " ind2="7" tag="655"><subfield code="a">Bildband</subfield><subfield code="2">gnd-content</subfield></datafield><datafield ind1=" " ind2="7" tag="655"><subfield code="a">Catalogues</subfield><subfield code="0">(IDREF)027793222</subfield><subfield code="2">idref</subfield></datafield><datafield ind1=" " ind2=" " tag="690"><subfield code="a">Privatsammlung - Thyssen-Bornemisza</subfield><subfield code="2">ubs-A5</subfield></datafield><datafield ind1=" " ind2=" " tag="690"><subfield code="a">Niederlande. Malerei. 15./16. Jahrhundert</subfield><subfield code="2">uzb-US</subfield></datafield><datafield ind1=" " ind2=" " tag="690"><subfield code="a">Castagnola. Sammlung Thyssen-Bornemisza</subfield><subfield code="2">uzb-US</subfield></datafield><datafield ind1=" " ind2=" " tag="690"><subfield code="a">Castagnola. Villa Favorita</subfield><subfield code="2">uzb-US</subfield></datafield><datafield ind1="1" ind2=" " tag="700"><subfield code="a">Eisler, Colin Tobias</subfield><subfield code="d">1931-....</subfield><subfield code="0">(IDREF)026849321</subfield></datafield><datafield ind1="1" ind2=" " tag="700"><subfield code="a">Eisler, Colin T.</subfield><subfield code="d">1931-</subfield><subfield code="0">(DE-588)136286356</subfield></datafield><datafield ind1="2" ind2=" " tag="710"><subfield code="a">Collezione Thyssen-Bornemisza (Castagnola)</subfield><subfield code="0">(RERO)A000184440</subfield></datafield><datafield ind1="2" ind2=" " tag="710"><subfield code="a">Sammlung Thyssen-Bornemisza</subfield><subfield code="g">Castagnola</subfield><subfield code="0">(DE-588)1039656-1</subfield><subfield code="6">880-03</subfield></datafield><datafield ind1="2" ind2=" " tag="880"><subfield code="a">Sammlung Thyssen-Bornemisza</subfield><subfield code="0">(DE-588)1039656-1</subfield><subfield code="6">710-03</subfield></datafield><datafield ind1=" " ind2=" " tag="830"><subfield code="a">&lt;&lt;The&gt;&gt; Thyssen-Bornemisza Collection</subfield><subfield code="w">(IDSBB)000853330DSV01</subfield></datafield><datafield ind1=" " ind2=" " tag="900"><subfield code="a">REROnoselfmerge</subfield></datafield><datafield ind1=" " ind2=" " tag="900"><subfield code="f">IDSU2medea</subfield></datafield><datafield ind1=" " ind2=" " tag="993"><subfield code="a">BFLB 9224</subfield><subfield code="x">ge/ulha/a/89/443</subfield><subfield code="9">LOCAL</subfield></datafield></record>
</metadata></record>