<record><header><identifier>oai:alma.41SLSP_UGE:991000028089705502</identifier><datestamp>2023-06-20T00:27:37Z</datestamp><setSpec>uge_bcen_RapidILL_BOOK</setSpec><setSpec>uge_aaca_RapidILL_BOOK</setSpec><setSpec>uge_abels_RapidILL_BOOK</setSpec><setSpec>uge_dbu_RapidILL_BOOK</setSpec><setSpec>uge_cmu_RapidILL_BOOK</setSpec><setSpec>uge_mail_RapidILL_BOOK</setSpec><setSpec>uge_abbat_RapidILL_BOOK</setSpec><setSpec>UNIGE_ALL</setSpec><setSpec>uge_aobs_RapidILL_BOOK</setSpec><setSpec>uge_acar_RapidILL_BOOK</setSpec></header><metadata>
<record xmlns="http://www.loc.gov/MARC21/slim" xmlns:xsi="http://www.w3.org/2001/XMLSchema-instance" xsi:schemaLocation="http://www.loc.gov/MARC21/slim http://www.loc.gov/standards/marcxml/schema/MARC21slim.xsd"><leader>01487nam a2200397 c 4500</leader><controlfield tag="001">991000028089705502</controlfield><controlfield tag="005">20230619194937.0</controlfield><controlfield tag="008">201011s1971    ne ||||| |||| 00| ||eng d</controlfield><datafield ind1=" " ind2=" " tag="035"><subfield code="a">(swissbib)221307230-41slsp_network</subfield></datafield><datafield ind1=" " ind2=" " tag="035"><subfield code="a">221307230</subfield><subfield code="9">ExL</subfield></datafield><datafield ind1=" " ind2=" " tag="035"><subfield code="a">(RERO)0258537-41slsp</subfield></datafield><datafield ind1=" " ind2=" " tag="035"><subfield code="a">(NEBIS)005431872EBI01</subfield></datafield><datafield ind1=" " ind2=" " tag="035"><subfield code="a">(EXLNZ-41SLSP_NETWORK)991151556579705501</subfield></datafield><datafield ind1=" " ind2=" " tag="040"><subfield code="a">RERO</subfield><subfield code="d">CH-ZuSLS</subfield></datafield><datafield ind1=" " ind2="7" tag="072"><subfield code="a">an</subfield><subfield code="2">rero</subfield></datafield><datafield ind1="0" ind2="0" tag="082"><subfield code="a">823/.7</subfield></datafield><datafield ind1="1" ind2=" " tag="100"><subfield code="a">Harden, O. Elizabeth McWhorter</subfield><subfield code="d">1935-....</subfield><subfield code="0">(IDREF)134642791</subfield><subfield code="4">cre</subfield></datafield><datafield ind1="1" ind2="0" tag="245"><subfield code="a">Maria Edgeworth's art of prose fiction</subfield><subfield code="c">by O. Elizabeth McWhorter Harden</subfield></datafield><datafield ind1=" " ind2="1" tag="264"><subfield code="a">The Hague</subfield><subfield code="a">Paris</subfield><subfield code="b">Mouton</subfield><subfield code="c">1971</subfield></datafield><datafield ind1=" " ind2=" " tag="300"><subfield code="a">258 p.</subfield><subfield code="c">22 cm</subfield></datafield><datafield ind1=" " ind2=" " tag="336"><subfield code="b">txt</subfield><subfield code="2">rdacontent</subfield></datafield><datafield ind1=" " ind2=" " tag="337"><subfield code="b">n</subfield><subfield code="2">rdamedia</subfield></datafield><datafield ind1=" " ind2=" " tag="338"><subfield code="b">nc</subfield><subfield code="2">rdacarrier</subfield></datafield><datafield ind1="1" ind2=" " tag="490"><subfield code="a">Studies in English literature</subfield><subfield code="v">vol. 62</subfield></datafield><datafield ind1="1" ind2="7" tag="600"><subfield code="a">Edgeworth, Maria</subfield><subfield code="d">1767-1849</subfield><subfield code="0">(IDREF)027359840</subfield><subfield code="2">idref</subfield></datafield><datafield ind1="1" ind2="7" tag="600"><subfield code="a">Edgeworth, Maria</subfield><subfield code="d">1767-1849</subfield><subfield code="0">(DE-588)118681648</subfield><subfield code="2">gnd</subfield></datafield><datafield ind1="1" ind2="0" tag="600"><subfield code="a">Edgeworth, Maria</subfield><subfield code="d">1768-1849</subfield></datafield><datafield ind1="1" ind2="0" tag="600"><subfield code="a">Edgeworth, Maria</subfield><subfield code="d">1768-1849</subfield><subfield code="x">Technique</subfield></datafield><datafield ind1=" " ind2="7" tag="650"><subfield code="a">Roman</subfield><subfield code="0">(IDREF)027342204</subfield><subfield code="2">idref</subfield></datafield><datafield ind1=" " ind2="7" tag="650"><subfield code="a">Prosa</subfield><subfield code="0">(DE-588)4047497-5</subfield><subfield code="2">gnd</subfield></datafield><datafield ind1=" " ind2="0" tag="650"><subfield code="a">Fiction</subfield><subfield code="x">Technique</subfield></datafield><datafield ind1=" " ind2="0" tag="650"><subfield code="a">Women and literature</subfield><subfield code="x">History</subfield><subfield code="y">19th century</subfield><subfield code="z">Ireland</subfield></datafield><datafield ind1=" " ind2=" " tag="690"><subfield code="a">Edgeworth, Maria</subfield><subfield code="2">uzb-Z9</subfield></datafield><datafield ind1="1" ind2=" " tag="700"><subfield code="a">Harden, O. Elizabeth McWhorter</subfield></datafield><datafield ind1=" " ind2="0" tag="830"><subfield code="a">Studies in English Literature</subfield><subfield code="p">Mouton</subfield><subfield code="v">62</subfield><subfield code="w">(RERO)0045302-41slsp</subfield></datafield><datafield ind1=" " ind2="0" tag="830"><subfield code="a">Studies in English literature</subfield><subfield code="v">62</subfield><subfield code="w">(NEBIS)004430792EBI01</subfield></datafield><datafield ind1=" " ind2=" " tag="900"><subfield code="a">IDSZ2esmon200709r</subfield><subfield code="c">IDSZ2kama</subfield></datafield></record>
</metadata></record>