<record><header><identifier>oai:alma.41SLSP_UGE:991000028299705502</identifier><datestamp>2023-09-13T00:52:15Z</datestamp><setSpec>uge_bcen_RapidILL_BOOK</setSpec><setSpec>uge_aaca_RapidILL_BOOK</setSpec><setSpec>uge_abels_RapidILL_BOOK</setSpec><setSpec>uge_dbu_RapidILL_BOOK</setSpec><setSpec>uge_cmu_RapidILL_BOOK</setSpec><setSpec>uge_mail_RapidILL_BOOK</setSpec><setSpec>uge_abbat_RapidILL_BOOK</setSpec><setSpec>UNIGE_ALL</setSpec><setSpec>uge_aobs_RapidILL_BOOK</setSpec><setSpec>uge_acar_RapidILL_BOOK</setSpec></header><metadata>
<record xmlns="http://www.loc.gov/MARC21/slim" xmlns:xsi="http://www.w3.org/2001/XMLSchema-instance" xsi:schemaLocation="http://www.loc.gov/MARC21/slim http://www.loc.gov/standards/marcxml/schema/MARC21slim.xsd"><leader>05139nam a2200709 c 4500</leader><controlfield tag="001">991000028299705502</controlfield><controlfield tag="005">20230912113607.0</controlfield><controlfield tag="008">201011s2014    fr ||||| |||| 00| ||fre d</controlfield><datafield ind1="7" ind2=" " tag="016"><subfield code="a">785114157</subfield><subfield code="2">DE-101</subfield></datafield><datafield ind1=" " ind2=" " tag="020"><subfield code="a">9782357230415</subfield></datafield><datafield ind1=" " ind2=" " tag="020"><subfield code="a">235723041X</subfield></datafield><datafield ind1=" " ind2=" " tag="035"><subfield code="a">(swissbib)220557926-41slsp_network</subfield></datafield><datafield ind1=" " ind2=" " tag="035"><subfield code="a">220557926</subfield><subfield code="9">ExL</subfield></datafield><datafield ind1=" " ind2=" " tag="035"><subfield code="a">(RERO)R007632373-41slsp</subfield></datafield><datafield ind1=" " ind2=" " tag="035"><subfield code="a">(NEBIS)010128810EBI01</subfield></datafield><datafield ind1=" " ind2=" " tag="035"><subfield code="a">(IDSBB)006315709DSV01</subfield></datafield><datafield ind1=" " ind2=" " tag="035"><subfield code="a">(OCoLC)879842234</subfield></datafield><datafield ind1=" " ind2=" " tag="035"><subfield code="a">(EXLNZ-41SLSP_NETWORK)991142045759705501</subfield></datafield><datafield ind1=" " ind2=" " tag="040"><subfield code="a">RERO geulfr</subfield><subfield code="d">CH-ZuSLS</subfield></datafield><datafield ind1=" " ind2="7" tag="072"><subfield code="a">fm</subfield><subfield code="2">rero</subfield></datafield><datafield ind1=" " ind2="7" tag="072"><subfield code="a">ng</subfield><subfield code="2">SzZuIDS BS/BE</subfield></datafield><datafield ind1="0" ind2="4" tag="082"><subfield code="a">306.09</subfield><subfield code="2">22/ger</subfield></datafield><datafield ind1="1" ind2="4" tag="082"><subfield code="a">900</subfield><subfield code="2">15</subfield></datafield><datafield ind1=" " ind2=" " tag="084"><subfield code="a">24,1</subfield><subfield code="2">ssgn</subfield></datafield><datafield ind1=" " ind2=" " tag="084"><subfield code="a">NU 8100</subfield><subfield code="2">rvk</subfield></datafield><datafield ind1="0" ind2="0" tag="245"><subfield code="a">Lire, choisir, écrire</subfield><subfield code="b">la vulgarisation des savoirs du Moyen-Âge à la Renaissance</subfield><subfield code="c">sous la dir. de Violaine Giacomotto-Charra et Christine Silvi</subfield></datafield><datafield ind1=" " ind2="1" tag="264"><subfield code="a">Paris</subfield><subfield code="b">Ed. de l'Ecole nationale des chartes</subfield><subfield code="c">2014</subfield></datafield><datafield ind1=" " ind2=" " tag="300"><subfield code="a">276 p.</subfield><subfield code="b">ill.</subfield></datafield><datafield ind1=" " ind2=" " tag="336"><subfield code="b">txt</subfield><subfield code="2">rdacontent</subfield></datafield><datafield ind1=" " ind2=" " tag="337"><subfield code="b">n</subfield><subfield code="2">rdamedia</subfield></datafield><datafield ind1=" " ind2=" " tag="338"><subfield code="b">nc</subfield><subfield code="2">rdacarrier</subfield></datafield><datafield ind1="1" ind2=" " tag="490"><subfield code="a">Etudes et rencontres de l'Ecole des chartes</subfield><subfield code="v">43</subfield></datafield><datafield ind1="8" ind2=" " tag="520"><subfield code="a">[4e de couv.]: L'analyse du livre scientifique, conduite dans le cadre du programme de recherche &quot; Le livre scientifique : définition et émergence d'un genre - 1450-1850 &quot;, a fait émerger une interrogation sur la notion de vulgarisation, au cours de la longue période du Moyen Âge et de la Renaissance. L'idée de vulgarisation reste en effet, à ces époques, peu explorée ; quand elle l'est, c'est souvent de manière fragmentaire, en liaison avec un temps, une discipline ou un genre donnés. Or elle pose de nombreux problèmes ; on peut s'interroger sur la nature même de la vulgarisation, sur la pertinence du concept et du mot appliqués au Moyen Âge et à la Renaissance : est-elle la continuité naturelle de la science, son miroir, ou donne-t-elle naissance à un savoir différent, autonome ? Est-elle un genre, une forme, ou peut-elle prendre des formes variées ? Est-ce que des critères comme la simplification, le choix de la langue, l'illustration, le lectorat, sont pertinents ? Et le sont-ils toujours ? S'est également posée la question du vulgarisateur, ce troisième homme qui, sous l'aile des autorités, commence lui-même par lire, puis choisit, sélectionne, élimine, compile et, pour finir, modifie, réécrit. La vulgarisation entre-t-elle alors dans le champ de la création, comme une variation musicale sur la matière scientifique ? Deux journées d'étude, à Bordeaux en 2007 puis à Paris en 2008, ont permis à des chercheurs des deux périodes de se confronter à la diversité et la difficulté de ces questions : ce livre est le fruit de leurs travaux. Il se donne pour but de réfléchir à la notion, complexe car multiforme, de vulgarisation, à son statut, ses réalisations et ses applications du Moyen Âge à la Renaissance, sans l'attacher précisément ni à un genre donné, ni à une période limitée, ni à un type de savoir.</subfield><subfield code="5">RERO/laiuhm/05.2105</subfield></datafield><datafield ind1=" " ind2="7" tag="648"><subfield code="a">Geschichte 1400-1600</subfield><subfield code="2">gnd</subfield></datafield><datafield ind1=" " ind2="7" tag="648"><subfield code="a">Geschichte 1400-1500</subfield><subfield code="2">idszbz</subfield></datafield><datafield ind1=" " ind2="7" tag="648"><subfield code="a">Geschichte 1500-1600</subfield><subfield code="2">idszbz</subfield></datafield><datafield ind1=" " ind2="7" tag="650"><subfield code="a">Savoir et érudition</subfield><subfield code="0">(IDREF)027248216</subfield><subfield code="2">idref</subfield></datafield><datafield ind1=" " ind2="7" tag="650"><subfield code="a">Vulgarisation</subfield><subfield code="0">(IDREF)027805042</subfield><subfield code="2">idref</subfield></datafield><datafield ind1=" " ind2="7" tag="650"><subfield code="a">Moyen âge</subfield><subfield code="0">(IDREF)027329917</subfield><subfield code="2">idref</subfield></datafield><datafield ind1=" " ind2="7" tag="650"><subfield code="a">Renaissance</subfield><subfield code="0">(IDREF)028017641</subfield><subfield code="2">idref</subfield></datafield><datafield ind1=" " ind2="7" tag="650"><subfield code="a">Französisch</subfield><subfield code="0">(DE-588)4113615-9</subfield><subfield code="2">gnd</subfield></datafield><datafield ind1=" " ind2="7" tag="650"><subfield code="a">Italienisch</subfield><subfield code="0">(DE-588)4114056-4</subfield><subfield code="2">gnd</subfield></datafield><datafield ind1=" " ind2="7" tag="650"><subfield code="a">Volkssprache</subfield><subfield code="0">(DE-588)4301525-6</subfield><subfield code="2">gnd</subfield></datafield><datafield ind1=" " ind2="7" tag="650"><subfield code="a">Wissenschaftstransfer</subfield><subfield code="0">(DE-588)4207539-7</subfield><subfield code="2">gnd</subfield></datafield><datafield ind1=" " ind2="7" tag="650"><subfield code="a">Wissensvermittlung</subfield><subfield code="0">(DE-588)4190121-6</subfield><subfield code="2">gnd</subfield></datafield><datafield ind1=" " ind2="7" tag="650"><subfield code="a">Alphabetisierung</subfield><subfield code="0">(DE-588)4068576-7</subfield><subfield code="2">gnd</subfield></datafield><datafield ind1=" " ind2="7" tag="650"><subfield code="a">Leseverhalten</subfield><subfield code="0">(DE-588)4130705-7</subfield><subfield code="2">gnd</subfield></datafield><datafield ind1=" " ind2="7" tag="650"><subfield code="a">Wissenserwerb</subfield><subfield code="0">(DE-588)4241169-5</subfield><subfield code="2">gnd</subfield></datafield><datafield ind1=" " ind2="7" tag="655"><subfield code="a">[Études diverses]</subfield><subfield code="0">(RERO)A022249905</subfield><subfield code="2">rero</subfield></datafield><datafield ind1=" " ind2="7" tag="655"><subfield code="a">Actes de congrès</subfield><subfield code="0">(IDREF)02886431X</subfield><subfield code="2">idref</subfield></datafield><datafield ind1=" " ind2="7" tag="655"><subfield code="a">Aufsatzsammlung</subfield><subfield code="2">gnd-content</subfield></datafield><datafield ind1=" " ind2="4" tag="655"><subfield code="a">Aufsatzsammlung</subfield></datafield><datafield ind1="1" ind2=" " tag="700"><subfield code="6">880-02</subfield><subfield code="a">Giacomotto-Charra, Violaine</subfield><subfield code="d">1970-</subfield><subfield code="0">(DE-588)140110518</subfield></datafield><datafield ind1="1" ind2=" " tag="880"><subfield code="6">700-02</subfield><subfield code="a">Giacomotto-Charra, Violaine</subfield><subfield code="d">1970-....</subfield><subfield code="0">(IDREF)077708512</subfield></datafield><datafield ind1="4" ind2=" " tag="856"><subfield code="u">http://bvbr.bib-bvb.de:8991/F?func=service&amp;doc_library=BVB01&amp;local_base=BVB01&amp;doc_number=027271011&amp;line_number=0002&amp;func_code=DB_RECORDS&amp;service_type=MEDIA</subfield><subfield code="z">Klappentext</subfield></datafield><datafield ind1="4" ind2=" " tag="856"><subfield code="u">http://bvbr.bib-bvb.de:8991/F?func=service&amp;doc_library=BVB01&amp;local_base=BVB01&amp;doc_number=027271011&amp;line_number=0003&amp;func_code=DB_RECORDS&amp;service_type=MEDIA</subfield><subfield code="z">Buchcover</subfield></datafield><datafield ind1="4" ind2=" " tag="856"><subfield code="3">Titelblatt und Inhaltsverzeichnis</subfield><subfield code="u">https://toc.library.ethz.ch/objects/pdf03/z01_978-2-35723-041-5_01.pdf</subfield><subfield code="q">pdf</subfield></datafield><datafield ind1=" " ind2=" " tag="830"><subfield code="a">Etudes et rencontres de l'Ecole des Chartes</subfield><subfield code="v">43</subfield><subfield code="w">(IDSBB)001583162DSV01</subfield></datafield><datafield ind1=" " ind2=" " tag="830"><subfield code="a">Études et rencontres de l'École des Chartes</subfield><subfield code="v">43</subfield><subfield code="w">(NEBIS)001953821EBI01</subfield></datafield><datafield ind1=" " ind2=" " tag="830"><subfield code="a">Etudes et rencontres de l'Ecole des Chartes</subfield><subfield code="v">43</subfield><subfield code="w">(RERO)R239326960-41slsp</subfield></datafield><datafield ind1=" " ind2=" " tag="900"><subfield code="a">REROnoselfmerge</subfield></datafield><datafield ind1=" " ind2=" " tag="900"><subfield code="a">IDSZ2zbzmon201406f</subfield><subfield code="c">IDSZ2baeh</subfield><subfield code="d">IDSZ2zbzswk201411b</subfield><subfield code="e">IDSZ2lanz</subfield></datafield><datafield ind1=" " ind2=" " tag="949"><subfield code="a">https://toc.library.ethz.ch/objects/pdf03/z01_978-2-35723-041-5_01.pdf</subfield></datafield></record>
</metadata></record>