<record><header><identifier>oai:alma.41SLSP_UGE:991000027779705502</identifier><datestamp>2024-09-28T00:12:11Z</datestamp><setSpec>uge_bcen_RapidILL_BOOK</setSpec><setSpec>uge_aaca_RapidILL_BOOK</setSpec><setSpec>uge_abels_RapidILL_BOOK</setSpec><setSpec>uge_dbu_RapidILL_BOOK</setSpec><setSpec>uge_cmu_RapidILL_BOOK</setSpec><setSpec>uge_mail_RapidILL_BOOK</setSpec><setSpec>uge_abbat_RapidILL_BOOK</setSpec><setSpec>UNIGE_ALL</setSpec><setSpec>uge_acar_RapidILL_BOOK</setSpec><setSpec>uge_aobs_RapidILL_BOOK</setSpec></header><metadata>
<record xmlns="http://www.loc.gov/MARC21/slim" xmlns:xsi="http://www.w3.org/2001/XMLSchema-instance" xsi:schemaLocation="http://www.loc.gov/MARC21/slim http://www.loc.gov/standards/marcxml/schema/MARC21slim.xsd"><leader>02157nam a2200505 c 4500</leader><controlfield tag="001">991000027779705502</controlfield><controlfield tag="005">20240927125211.0</controlfield><controlfield tag="008">201011s1971    ne ||||| |||| 00| ||eng d</controlfield><datafield ind1=" " ind2=" " tag="020"><subfield code="a">9023762142</subfield></datafield><datafield ind1="7" ind2=" " tag="024"><subfield code="a">http://catalogue.bnf.fr/ark:/12148/cb374088303</subfield><subfield code="2">uri</subfield></datafield><datafield ind1=" " ind2=" " tag="035"><subfield code="a">(swissbib)22417195X-41slsp_network</subfield></datafield><datafield ind1=" " ind2=" " tag="035"><subfield code="a">22417195X</subfield><subfield code="9">ExL</subfield></datafield><datafield ind1=" " ind2=" " tag="035"><subfield code="a">(RERO)1154570-41slsp</subfield></datafield><datafield ind1=" " ind2=" " tag="035"><subfield code="a">(IDSBB)000149069DSV01</subfield></datafield><datafield ind1=" " ind2=" " tag="035"><subfield code="a">(NEBIS)008752713EBI01</subfield></datafield><datafield ind1=" " ind2=" " tag="035"><subfield code="a">(EXLNZ-41SLSP_NETWORK)991102891349705501</subfield></datafield><datafield ind1=" " ind2=" " tag="040"><subfield code="a">RERO geuses</subfield><subfield code="d">CH-ZuSLS</subfield></datafield><datafield ind1=" " ind2="7" tag="072"><subfield code="a">sp</subfield><subfield code="2">rero</subfield></datafield><datafield ind1=" " ind2="7" tag="072"><subfield code="a">sz</subfield><subfield code="2">SzZuIDS BS/BE</subfield></datafield><datafield ind1=" " ind2="7" tag="072"><subfield code="a">ma</subfield><subfield code="2">SzZuIDS BS/BE</subfield></datafield><datafield ind1="1" ind2="4" tag="082"><subfield code="a">350</subfield><subfield code="2">15</subfield></datafield><datafield ind1="1" ind2="4" tag="082"><subfield code="a">300</subfield><subfield code="2">15</subfield></datafield><datafield ind1="0" ind2="0" tag="245"><subfield code="a">On military intervention</subfield><subfield code="c">ed. by Morris Janowitz and Jacques Van Doorn</subfield></datafield><datafield ind1=" " ind2="1" tag="264"><subfield code="a">Rotterdam</subfield><subfield code="b">Rotterdam Univ. Press</subfield><subfield code="c">1971</subfield></datafield><datafield ind1=" " ind2=" " tag="300"><subfield code="a">XXI, 520 p.</subfield><subfield code="c">23 cm</subfield></datafield><datafield ind1=" " ind2=" " tag="336"><subfield code="b">txt</subfield><subfield code="2">rdacontent</subfield></datafield><datafield ind1=" " ind2=" " tag="337"><subfield code="b">n</subfield><subfield code="2">rdamedia</subfield></datafield><datafield ind1=" " ind2=" " tag="338"><subfield code="b">nc</subfield><subfield code="2">rdacarrier</subfield></datafield><datafield ind1="1" ind2=" " tag="490"><subfield code="a">Studies presented at Varna International Sociological Association Conference 1970</subfield><subfield code="v">part 1</subfield></datafield><datafield ind1="1" ind2=" " tag="490"><subfield code="a">Contributions to military sociology</subfield><subfield code="v">vol. 2</subfield></datafield><datafield ind1=" " ind2=" " tag="500"><subfield code="a">Studies presented at Varna, International Sociological Association Conference, 1970, Part 1</subfield></datafield><datafield ind1=" " ind2="7" tag="650"><subfield code="a">Intervention (droit international)</subfield><subfield code="0">(IDREF)028714342</subfield><subfield code="2">idref</subfield></datafield><datafield ind1=" " ind2="7" tag="650"><subfield code="a">Militärische Intervention</subfield><subfield code="v">Kongressbericht</subfield><subfield code="2">idsbb</subfield></datafield><datafield ind1=" " ind2="7" tag="655"><subfield code="a">Actes de congrès</subfield><subfield code="0">(IDREF)02886431X</subfield><subfield code="2">idref</subfield></datafield><datafield ind1=" " ind2="7" tag="655"><subfield code="a">Konferenzschrift</subfield><subfield code="z">Warna</subfield><subfield code="y">1970</subfield><subfield code="2">gnd-content</subfield></datafield><datafield ind1=" " ind2="7" tag="655"><subfield code="a">Konferenzschrift</subfield><subfield code="z">Varna</subfield><subfield code="y">1970</subfield><subfield code="2">gnd-content</subfield></datafield><datafield ind1=" " ind2=" " tag="690"><subfield code="a">Kriegsgeschichte : Neuzeit</subfield><subfield code="2">uzb-UL</subfield></datafield><datafield ind1="1" ind2=" " tag="700"><subfield code="a">Doorn, Jacobus A. A. &lt;&lt;van&gt;&gt;</subfield><subfield code="d">1925-2008</subfield><subfield code="0">(DE-588)113370180</subfield></datafield><datafield ind1="1" ind2=" " tag="700"><subfield code="a">Janowitz, Morris</subfield><subfield code="d">1919-1988</subfield><subfield code="0">(IDREF)026935333</subfield></datafield><datafield ind1="2" ind2=" " tag="710"><subfield code="a">International Sociological Association</subfield><subfield code="b">Conference</subfield><subfield code="0">(DE-588)1085758036</subfield></datafield><datafield ind1="2" ind2=" " tag="710"><subfield code="a">International Sociological Association</subfield><subfield code="0">(DE-588)2014785-5</subfield></datafield><datafield ind1=" " ind2=" " tag="830"><subfield code="a">Contributions to military sociology</subfield><subfield code="v">2</subfield><subfield code="w">(NEBIS)009520176EBI01</subfield></datafield><datafield ind1=" " ind2=" " tag="830"><subfield code="a">Studies presented at Varna International Sociological Association Conference 1970</subfield><subfield code="v">1</subfield><subfield code="w">(RERO)1154566-41slsp</subfield></datafield><datafield ind1=" " ind2=" " tag="830"><subfield code="a">Contributions to military sociology</subfield><subfield code="v">2</subfield><subfield code="w">(IDSBB)000211765DSV01</subfield></datafield><datafield ind1=" " ind2=" " tag="900"><subfield code="a">REROnoselfmerge</subfield></datafield><datafield ind1=" " ind2=" " tag="900"><subfield code="f">IDSU2medea</subfield></datafield></record>
</metadata></record>