<record><header><identifier>oai:alma.41SLSP_UGE:991000027899705502</identifier><datestamp>2023-06-17T00:45:49Z</datestamp><setSpec>uge_bcen_RapidILL_BOOK</setSpec><setSpec>uge_aaca_RapidILL_BOOK</setSpec><setSpec>uge_abels_RapidILL_BOOK</setSpec><setSpec>uge_dbu_RapidILL_BOOK</setSpec><setSpec>uge_cmu_RapidILL_BOOK</setSpec><setSpec>uge_mail_RapidILL_BOOK</setSpec><setSpec>uge_abbat_RapidILL_BOOK</setSpec><setSpec>UNIGE_ALL</setSpec><setSpec>uge_aobs_RapidILL_BOOK</setSpec><setSpec>uge_acar_RapidILL_BOOK</setSpec></header><metadata>
<record xmlns="http://www.loc.gov/MARC21/slim" xmlns:xsi="http://www.w3.org/2001/XMLSchema-instance" xsi:schemaLocation="http://www.loc.gov/MARC21/slim http://www.loc.gov/standards/marcxml/schema/MARC21slim.xsd"><leader>01522nam a2200349 c 4500</leader><controlfield tag="001">991000027899705502</controlfield><controlfield tag="005">20201230230648.0</controlfield><controlfield tag="008">201011s1853    ru            00| | ger  </controlfield><datafield ind1=" " ind2=" " tag="035"><subfield code="a">(swissbib)220918864-41slsp_network</subfield></datafield><datafield ind1=" " ind2=" " tag="035"><subfield code="a">220918864</subfield><subfield code="9">ExL</subfield></datafield><datafield ind1=" " ind2=" " tag="035"><subfield code="a">(IDSBB)002669169DSV01</subfield></datafield><datafield ind1=" " ind2=" " tag="035"><subfield code="a">(RERO)0840151-41slsp</subfield></datafield><datafield ind1=" " ind2=" " tag="035"><subfield code="a">(EXLNZ-41SLSP_NETWORK)991109220999705501</subfield></datafield><datafield ind1=" " ind2=" " tag="040"><subfield code="a">SzZuIDS BS/BE A258</subfield><subfield code="e">kids</subfield><subfield code="d">CH-ZuSLS</subfield></datafield><datafield ind1="1" ind2=" " tag="041"><subfield code="a">ger</subfield><subfield code="h">swe</subfield></datafield><datafield ind1=" " ind2="7" tag="072"><subfield code="a">vk</subfield><subfield code="2">SzZuIDS BS/BE</subfield></datafield><datafield ind1=" " ind2="7" tag="072"><subfield code="a">th</subfield><subfield code="2">rero</subfield></datafield><datafield ind1="1" ind2="4" tag="082"><subfield code="a">390</subfield><subfield code="2">15</subfield></datafield><datafield ind1="1" ind2=" " tag="100"><subfield code="a">Castrén, Matthias Alexander</subfield><subfield code="d">1813-1852</subfield><subfield code="0">(DE-588)118667467</subfield><subfield code="6">880-01</subfield></datafield><datafield ind1="1" ind2=" " tag="880"><subfield code="6">100-01</subfield><subfield code="a">Castrén, Matthias Alexander</subfield><subfield code="d">1813-1852</subfield><subfield code="0">(IDREF)078022665</subfield><subfield code="4">cre</subfield></datafield><datafield ind1="1" ind2="0" tag="245"><subfield code="a">M. Alexander Castrén's Vorlesungen über die finnische Mythologie</subfield><subfield code="c">i.A. der Kaiserlichen Akademie der Wiss. aus dem Schwed. übertr. und mit Anm. begleitet von A. Schiefner</subfield></datafield><datafield ind1=" " ind2="1" tag="264"><subfield code="a">St. Petersburg</subfield><subfield code="b">Kaiserl. Akademie der Wissenschaften</subfield><subfield code="c">1853</subfield></datafield><datafield ind1=" " ind2=" " tag="300"><subfield code="a">XII, 340 p.</subfield><subfield code="c">25 cm</subfield></datafield><datafield ind1=" " ind2=" " tag="336"><subfield code="b">txt</subfield><subfield code="2">rdacontent</subfield></datafield><datafield ind1=" " ind2=" " tag="337"><subfield code="b">n</subfield><subfield code="2">rdamedia</subfield></datafield><datafield ind1=" " ind2=" " tag="338"><subfield code="b">nc</subfield><subfield code="2">rdacarrier</subfield></datafield><datafield ind1="1" ind2=" " tag="490"><subfield code="a">Nordische Reisen und Forschungen / von M. Alexander Castrén</subfield><subfield code="v">3</subfield></datafield><datafield ind1=" " ind2=" " tag="690"><subfield code="a">Mythologie, Skandinavien, Finnland</subfield><subfield code="2">ubs-A6</subfield></datafield><datafield ind1="1" ind2=" " tag="700"><subfield code="a">Schiefner, Anton</subfield><subfield code="d">1817-1879</subfield><subfield code="0">(DE-588)117228427</subfield><subfield code="6">880-02</subfield></datafield><datafield ind1="1" ind2=" " tag="880"><subfield code="6">700-02</subfield><subfield code="a">Chifner, Anton Antonovitch</subfield><subfield code="d">1817-1879</subfield><subfield code="0">(IDREF)077476786</subfield></datafield><datafield ind1="2" ind2=" " tag="710"><subfield code="a">Imperatorskaja akademija nauk</subfield><subfield code="0">(DE-588)2034160-X</subfield></datafield><datafield ind1="1" ind2=" " tag="800"><subfield code="a">Castren, Matthias Alexander</subfield><subfield code="t">Nordische Reisen und Forschungen</subfield><subfield code="v">3</subfield><subfield code="w">(RERO)0840155-41slsp</subfield></datafield><datafield ind1=" " ind2=" " tag="900"><subfield code="a">REROnoselfmerge</subfield></datafield></record>
</metadata></record>