<record><header><identifier>oai:alma.41SLSP_UGE:991000028209705502</identifier><datestamp>2023-07-01T00:18:17Z</datestamp><setSpec>uge_bcen_RapidILL_BOOK</setSpec><setSpec>uge_aaca_RapidILL_BOOK</setSpec><setSpec>uge_abels_RapidILL_BOOK</setSpec><setSpec>uge_dbu_RapidILL_BOOK</setSpec><setSpec>uge_cmu_RapidILL_BOOK</setSpec><setSpec>uge_mail_RapidILL_BOOK</setSpec><setSpec>uge_abbat_RapidILL_BOOK</setSpec><setSpec>UNIGE_ALL</setSpec><setSpec>uge_aobs_RapidILL_BOOK</setSpec><setSpec>uge_acar_RapidILL_BOOK</setSpec></header><metadata>
<record xmlns="http://www.loc.gov/MARC21/slim" xmlns:xsi="http://www.w3.org/2001/XMLSchema-instance" xsi:schemaLocation="http://www.loc.gov/MARC21/slim http://www.loc.gov/standards/marcxml/schema/MARC21slim.xsd"><leader>01649naa a2200373 c 4500</leader><controlfield tag="001">991000028209705502</controlfield><controlfield tag="005">20230630222445.0</controlfield><controlfield tag="008">010810m20012013sz ||||| |||| 00| ||ger d</controlfield><datafield ind1=" " ind2=" " tag="035"><subfield code="a">(swissbib)109265351-41slsp_network</subfield></datafield><datafield ind1=" " ind2=" " tag="035"><subfield code="a">109265351</subfield><subfield code="9">ExL</subfield></datafield><datafield ind1=" " ind2=" " tag="035"><subfield code="a">(RERO)bv80097758-41slsp</subfield></datafield><datafield ind1=" " ind2=" " tag="035"><subfield code="a">(EXLNZ-41SLSP_NETWORK)991146888889705501</subfield></datafield><datafield ind1=" " ind2=" " tag="040"><subfield code="a">RERO iftfla</subfield><subfield code="d">CH-ZuSLS</subfield></datafield><datafield ind1=" " ind2=" " tag="044"><subfield code="a">sz</subfield><subfield code="c">ch-zh</subfield><subfield code="a">sz</subfield><subfield code="c">ch-be</subfield></datafield><datafield ind1=" " ind2="7" tag="072"><subfield code="a">dr</subfield><subfield code="2">rero</subfield></datafield><datafield ind1=" " ind2=" " tag="084"><subfield code="a">CA/CH 70.1 i</subfield><subfield code="2">cjurrom</subfield></datafield><datafield ind1="1" ind2=" " tag="100"><subfield code="a">Koller, Alfred</subfield><subfield code="d">1953-....</subfield><subfield code="0">(IDREF)031875149</subfield><subfield code="4">cre</subfield></datafield><datafield ind1="1" ind2="0" tag="245"><subfield code="a">Vom Formmangel und seinen Folgen</subfield><subfield code="b">der formungültige Grundstückkauf</subfield><subfield code="c">Alfred Koller</subfield></datafield><datafield ind1=" " ind2=" " tag="336"><subfield code="b">txt</subfield><subfield code="2">rdacontent</subfield></datafield><datafield ind1=" " ind2=" " tag="337"><subfield code="b">n</subfield><subfield code="2">rdamedia</subfield></datafield><datafield ind1=" " ind2=" " tag="338"><subfield code="b">nc</subfield><subfield code="2">rdacarrier</subfield></datafield><datafield ind1=" " ind2=" " tag="504"><subfield code="a">Literaturverz.</subfield></datafield><datafield ind1=" " ind2=" " tag="580"><subfield code="a">In: Der Grundstückkauf. - Bern : Stämpfli, 2001. - S. 77-130</subfield></datafield><datafield ind1=" " ind2=" " tag="580"><subfield code="a">In: Ausgewählte Schriften / Alfred Koller. - Zürich : Dike, 2013. - S. 289-347</subfield></datafield><datafield ind1=" " ind2="7" tag="650"><subfield code="a">Grundstückkauf</subfield><subfield code="9">ger</subfield><subfield code="0">(RERO)jurivoc000010500ger</subfield><subfield code="2">jurivoc</subfield></datafield><datafield ind1=" " ind2="7" tag="650"><subfield code="a">Nichtigkeit</subfield><subfield code="9">ger</subfield><subfield code="0">(RERO)jurivoc000015960ger</subfield><subfield code="2">jurivoc</subfield></datafield><datafield ind1=" " ind2="7" tag="650"><subfield code="a">Kauf</subfield><subfield code="9">ger</subfield><subfield code="0">(RERO)jurivoc000012602ger</subfield><subfield code="2">jurivoc</subfield></datafield><datafield ind1=" " ind2="7" tag="650"><subfield code="a">Form und Inhalt</subfield><subfield code="9">ger</subfield><subfield code="0">(RERO)jurivoc000008572ger</subfield><subfield code="2">jurivoc</subfield></datafield><datafield ind1=" " ind2="7" tag="650"><subfield code="a">Formmangel</subfield><subfield code="9">ger</subfield><subfield code="0">(RERO)jurivoc000008593ger</subfield><subfield code="2">jurivoc</subfield></datafield><datafield ind1=" " ind2="7" tag="650"><subfield code="a">öffentliche Beurkundung</subfield><subfield code="9">ger</subfield><subfield code="0">(RERO)jurivoc000016353ger</subfield><subfield code="2">jurivoc</subfield></datafield><datafield ind1=" " ind2="7" tag="650"><subfield code="a">Erfüllung der Obligation</subfield><subfield code="9">ger</subfield><subfield code="0">(RERO)jurivoc000007180ger</subfield><subfield code="2">jurivoc</subfield></datafield><datafield ind1=" " ind2="7" tag="650"><subfield code="a">Rechtsmissbrauch</subfield><subfield code="9">ger</subfield><subfield code="0">(RERO)jurivoc000018413ger</subfield><subfield code="2">jurivoc</subfield></datafield><datafield ind1=" " ind2="7" tag="651"><subfield code="a">Schweiz</subfield><subfield code="9">ger</subfield><subfield code="0">(RERO)jurivoc000019912ger</subfield><subfield code="2">jurivoc</subfield></datafield><datafield ind1="0" ind2=" " tag="773"><subfield code="t">Grundstückkauf</subfield><subfield code="g">77</subfield></datafield><datafield ind1="0" ind2=" " tag="773"><subfield code="a">Koller, Alfred</subfield><subfield code="t">Ausgewählte Schriften</subfield><subfield code="g">289</subfield></datafield></record>
</metadata></record>