<record><header><identifier>oai:alma.41SLSP_UGE:991000028099705502</identifier><datestamp>2023-03-01T01:09:08Z</datestamp><setSpec>uge_bcen_RapidILL_BOOK</setSpec><setSpec>uge_aaca_RapidILL_BOOK</setSpec><setSpec>uge_abels_RapidILL_BOOK</setSpec><setSpec>uge_dbu_RapidILL_BOOK</setSpec><setSpec>uge_cmu_RapidILL_BOOK</setSpec><setSpec>uge_mail_RapidILL_BOOK</setSpec><setSpec>UNIGE_ALL</setSpec><setSpec>uge_abbat_RapidILL_BOOK</setSpec><setSpec>uge_aobs_RapidILL_BOOK</setSpec><setSpec>uge_acar_RapidILL_BOOK</setSpec></header><metadata>
<record xmlns="http://www.loc.gov/MARC21/slim" xmlns:xsi="http://www.w3.org/2001/XMLSchema-instance" xsi:schemaLocation="http://www.loc.gov/MARC21/slim http://www.loc.gov/standards/marcxml/schema/MARC21slim.xsd"><leader>02177nam a2200565 c 4500</leader><controlfield tag="001">991000028099705502</controlfield><controlfield tag="005">20221229135923.0</controlfield><controlfield tag="008">201011s1993    xxk||||| |||| 00| ||eng d</controlfield><datafield ind1=" " ind2=" " tag="010"><subfield code="a">93197672</subfield></datafield><datafield ind1=" " ind2=" " tag="015"><subfield code="a">GB93-17764</subfield></datafield><datafield ind1=" " ind2=" " tag="020"><subfield code="a">0860783715</subfield></datafield><datafield ind1=" " ind2=" " tag="035"><subfield code="a">(swissbib)229595391-41slsp_network</subfield></datafield><datafield ind1=" " ind2=" " tag="035"><subfield code="a">229595391</subfield><subfield code="9">ExL</subfield></datafield><datafield ind1=" " ind2=" " tag="035"><subfield code="a">(RERO)1748991-41slsp</subfield></datafield><datafield ind1=" " ind2=" " tag="035"><subfield code="a">(NEBIS)003862514EBI01</subfield></datafield><datafield ind1=" " ind2=" " tag="035"><subfield code="a">(OCoLC)27976601</subfield></datafield><datafield ind1=" " ind2=" " tag="035"><subfield code="a">(EXLNZ-41SLSP_NETWORK)991041190509705501</subfield></datafield><datafield ind1=" " ind2=" " tag="040"><subfield code="a">RERO geulan</subfield><subfield code="d">CH-ZuSLS</subfield></datafield><datafield ind1=" " ind2="7" tag="072"><subfield code="a">an</subfield><subfield code="2">rero</subfield></datafield><datafield ind1="0" ind2="0" tag="082"><subfield code="a">910.4</subfield><subfield code="2">21</subfield></datafield><datafield ind1="1" ind2="4" tag="082"><subfield code="a">828.109</subfield><subfield code="2">22</subfield></datafield><datafield ind1="1" ind2=" " tag="100"><subfield code="a">Seymour, Maurice Charles</subfield><subfield code="4">aut</subfield></datafield><datafield ind1="1" ind2="0" tag="245"><subfield code="a">Sir John Mandeville</subfield><subfield code="c">M.C. Seymour</subfield></datafield><datafield ind1=" " ind2="1" tag="264"><subfield code="a">Aldershot</subfield><subfield code="b">Variorum</subfield><subfield code="c">1993</subfield></datafield><datafield ind1=" " ind2=" " tag="300"><subfield code="a">60 p.</subfield><subfield code="c">22 cm</subfield></datafield><datafield ind1=" " ind2=" " tag="336"><subfield code="b">txt</subfield><subfield code="2">rdacontent</subfield></datafield><datafield ind1=" " ind2=" " tag="337"><subfield code="b">n</subfield><subfield code="2">rdamedia</subfield></datafield><datafield ind1=" " ind2=" " tag="338"><subfield code="b">nc</subfield><subfield code="2">rdacarrier</subfield></datafield><datafield ind1="1" ind2=" " tag="490"><subfield code="a">Authors of the Middle Ages. English writers of the late middle ages</subfield><subfield code="v">1</subfield></datafield><datafield ind1=" " ind2=" " tag="504"><subfield code="a">Includes bibliographical references (p. 37-60)</subfield></datafield><datafield ind1="1" ind2="7" tag="600"><subfield code="a">Mandeville, Jean de</subfield><subfield code="d">1300?-1372</subfield><subfield code="0">(IDREF)027005534</subfield><subfield code="2">idref</subfield></datafield><datafield ind1="1" ind2="7" tag="600"><subfield code="a">Langland, William</subfield><subfield code="d">1332-1400</subfield><subfield code="0">(DE-588)118778692</subfield><subfield code="2">gnd</subfield></datafield><datafield ind1="1" ind2="7" tag="600"><subfield code="a">Occleve, Thomas</subfield><subfield code="d">1368-1430</subfield><subfield code="0">(DE-588)118735888</subfield><subfield code="2">gnd</subfield></datafield><datafield ind1="0" ind2="7" tag="600"><subfield code="a">John (Mandeville)</subfield><subfield code="2">idszbz</subfield></datafield><datafield ind1="1" ind2="0" tag="600"><subfield code="a">Mandeville, John</subfield><subfield code="c">Sir</subfield><subfield code="t">Itinerarium</subfield></datafield><datafield ind1="1" ind2="0" tag="600"><subfield code="a">Mandeville, John</subfield><subfield code="c">Sir</subfield></datafield><datafield ind1=" " ind2="0" tag="650"><subfield code="a">Voyages and travels</subfield></datafield><datafield ind1=" " ind2="0" tag="650"><subfield code="a">Geography, Medieval</subfield></datafield><datafield ind1=" " ind2="0" tag="650"><subfield code="a">Authors, English</subfield><subfield code="y">Middle English, 1100-1500</subfield><subfield code="v">Biography</subfield></datafield><datafield ind1=" " ind2="0" tag="650"><subfield code="a">Civilization, Medieval, in literature</subfield></datafield><datafield ind1=" " ind2="0" tag="650"><subfield code="a">English literature</subfield><subfield code="y">Middle English, 1100-1500</subfield><subfield code="x">History and criticism</subfield></datafield><datafield ind1=" " ind2="0" tag="650"><subfield code="a">Learning and scholarship</subfield><subfield code="x">History</subfield><subfield code="y">Medieval, 500-1500</subfield></datafield><datafield ind1=" " ind2="0" tag="650"><subfield code="a">Translators</subfield><subfield code="z">England</subfield><subfield code="v">Biography</subfield></datafield><datafield ind1=" " ind2="7" tag="655"><subfield code="a">Biographie</subfield><subfield code="2">idszbz</subfield></datafield><datafield ind1=" " ind2=" " tag="690"><subfield code="a">Mandeville, John : (Les) voyages d'outre mer : Uebersetzung : Englisch</subfield><subfield code="2">uzb-VH</subfield></datafield><datafield ind1=" " ind2=" " tag="690"><subfield code="a">Mandeville, John : (Les) voyages d'outre mer</subfield><subfield code="2">uzb-VH</subfield></datafield><datafield ind1="1" ind2=" " tag="700"><subfield code="a">Seymour, Michael Charles</subfield><subfield code="0">(DE-588)136260128</subfield></datafield><datafield ind1=" " ind2=" " tag="830"><subfield code="a">Authors of the Middle Ages</subfield><subfield code="v">1</subfield><subfield code="w">(RERO)1748987-41slsp</subfield></datafield><datafield ind1=" " ind2=" " tag="830"><subfield code="a">Authors of the Middle Ages</subfield><subfield code="v">1</subfield><subfield code="w">(NEBIS)001002449EBI01</subfield></datafield><datafield ind1=" " ind2=" " tag="900"><subfield code="a">REROnoselfmerge</subfield></datafield><datafield ind1=" " ind2=" " tag="900"><subfield code="a">IDSZ2zbzmon200012f</subfield><subfield code="c">IDSZ2eich</subfield><subfield code="d">IDSZ2zbzswk200012b</subfield><subfield code="e">IDSZ2stor</subfield></datafield></record>
</metadata></record>