<record><header><identifier>oai:alma.41SLSP_UGE:991000028639705502</identifier><datestamp>2024-06-05T00:17:14Z</datestamp><setSpec>uge_bcen_RapidILL_BOOK</setSpec><setSpec>uge_aaca_RapidILL_BOOK</setSpec><setSpec>uge_abels_RapidILL_BOOK</setSpec><setSpec>uge_dbu_RapidILL_BOOK</setSpec><setSpec>uge_cmu_RapidILL_BOOK</setSpec><setSpec>uge_mail_RapidILL_BOOK</setSpec><setSpec>uge_abbat_RapidILL_BOOK</setSpec><setSpec>UNIGE_ALL</setSpec><setSpec>uge_acar_RapidILL_BOOK</setSpec><setSpec>uge_aobs_RapidILL_BOOK</setSpec></header><metadata>
<record xmlns="http://www.loc.gov/MARC21/slim" xmlns:xsi="http://www.w3.org/2001/XMLSchema-instance" xsi:schemaLocation="http://www.loc.gov/MARC21/slim http://www.loc.gov/standards/marcxml/schema/MARC21slim.xsd"><leader>04361nam a2200613 c 4500</leader><controlfield tag="001">991000028639705502</controlfield><controlfield tag="005">20240604115329.0</controlfield><controlfield tag="008">201011s2018    xxu||||| |||| 00| ||eng d</controlfield><datafield ind1=" " ind2=" " tag="015"><subfield code="a">GBB865816</subfield><subfield code="2">bnb</subfield></datafield><datafield ind1="7" ind2=" " tag="016"><subfield code="a">018828617</subfield><subfield code="2">Uk</subfield></datafield><datafield ind1=" " ind2=" " tag="020"><subfield code="a">1138556637</subfield><subfield code="q">hardcover</subfield></datafield><datafield ind1=" " ind2=" " tag="020"><subfield code="a">1138556645</subfield><subfield code="q">paperback</subfield></datafield><datafield ind1=" " ind2=" " tag="020"><subfield code="a">9781138556638</subfield><subfield code="q">Festeinband</subfield></datafield><datafield ind1=" " ind2=" " tag="020"><subfield code="a">9781138556645</subfield><subfield code="q">paperback</subfield></datafield><datafield ind1=" " ind2=" " tag="020"><subfield code="z">9781315150222</subfield><subfield code="q">E-Book</subfield></datafield><datafield ind1=" " ind2=" " tag="035"><subfield code="a">(swissbib)217580726-41slsp_network</subfield></datafield><datafield ind1=" " ind2=" " tag="035"><subfield code="a">217580726</subfield><subfield code="9">ExL</subfield></datafield><datafield ind1=" " ind2=" " tag="035"><subfield code="a">(RERO)R008805886-41slsp</subfield></datafield><datafield ind1=" " ind2=" " tag="035"><subfield code="a">(NEBIS)011196857EBI01</subfield></datafield><datafield ind1=" " ind2=" " tag="035"><subfield code="a">(IDSBB)006835022DSV01</subfield></datafield><datafield ind1=" " ind2=" " tag="035"><subfield code="a">(EXLNZ-41SLSP_NETWORK)991124357719705501</subfield></datafield><datafield ind1=" " ind2=" " tag="040"><subfield code="a">DLC</subfield><subfield code="b">eng</subfield><subfield code="e">rda</subfield><subfield code="d">CH-ZuSLS</subfield></datafield><datafield ind1="0" ind2="4" tag="050"><subfield code="a">LB2806</subfield><subfield code="b">.I58 2018</subfield></datafield><datafield ind1=" " ind2="7" tag="072"><subfield code="a">pe</subfield><subfield code="2">rero</subfield></datafield><datafield ind1="0" ind2="0" tag="082"><subfield code="a">371.19/206</subfield><subfield code="2">23</subfield></datafield><datafield ind1="1" ind2="4" tag="082"><subfield code="a">370</subfield><subfield code="2">15</subfield></datafield><datafield ind1="1" ind2="4" tag="082"><subfield code="a">650</subfield><subfield code="2">15</subfield></datafield><datafield ind1=" " ind2=" " tag="084"><subfield code="a">DK 1040</subfield><subfield code="2">rvk</subfield></datafield><datafield ind1="0" ind2="0" tag="245"><subfield code="a">International perspectives on maladministration in education</subfield><subfield code="b">theories, research, and critiques</subfield><subfield code="c">by Eugenie A. Samier and Peter Milley, [editors]</subfield></datafield><datafield ind1=" " ind2="1" tag="264"><subfield code="a">New York, NY</subfield><subfield code="b">Routledge</subfield><subfield code="c">2018</subfield></datafield><datafield ind1=" " ind2=" " tag="300"><subfield code="a">vii, 233 Seiten</subfield><subfield code="b">Illustrationen</subfield></datafield><datafield ind1=" " ind2=" " tag="336"><subfield code="b">txt</subfield><subfield code="2">rdacontent</subfield></datafield><datafield ind1=" " ind2=" " tag="337"><subfield code="b">n</subfield><subfield code="2">rdamedia</subfield></datafield><datafield ind1=" " ind2=" " tag="338"><subfield code="b">nc</subfield><subfield code="2">rdacarrier</subfield></datafield><datafield ind1=" " ind2=" " tag="504"><subfield code="a">Includes bibliographical references and index</subfield></datafield><datafield ind1="0" ind2=" " tag="505"><subfield code="a">List of figures -- List of tables -- Introduction: the landscape of maladministration in education -- Eugenie a. samier and peter milley -- Foundational theories and models -- The total toxic institution: when organisations fail psychologically, socially and morally -- Eugenie a. samier -- A critical theory analysis of the production of toxic and zombie leadership in the context of neoliberalism -- John smyth -- Maladministration in the uk education system: a sociolinguistic perspective -- Yasemin yildiz -- Systemic maladministration in the digital age: serving the individual or bureaucracy in educational administration? -- Eveline wittmann -- Researching and teaching the dark side -- Beyond the normative: theorising maladministration relationally -- Scott eacott -- Methodological issues in researching maladministration -- Megan crawford -- Foundational understandings of the ?dark side? of leadership: can machiavelli, in neoliberal times, assist graduate readings of the word and world? -- Carol e. harris -- Contemporary issues and cases internationally -- The intersectionality of leadership: international considerations -- Sheri r. klein and read diket -- Analysis of maladministration of selection and assignment of school principals in turkey: a critical perspective -- Kadir beycioglu, ?dris ?ahin, and fatma kesik -- The good school/the bad head teacher: neo -- managerialism and the re -- making of the head teacher -- Danilo taglietti, emiliano grimaldi, and roberto serpieri -- Strategies of discursive closure maladministrators use to ?manage? their misdeeds -- Peter milley -- Administrators behaving (and being treated) badly under neoliberal global conditions: playing players played -- Duncan waite and jason r. swisher -- Workplace bullying in schools: an ecological perspective -- Corene de wet -- Contributor bios</subfield></datafield><datafield ind1=" " ind2="7" tag="650"><subfield code="a">Administration scolaire</subfield><subfield code="0">(IDREF)027347915</subfield><subfield code="2">idref</subfield></datafield><datafield ind1=" " ind2="0" tag="650"><subfield code="a">School management and organization</subfield><subfield code="x">Corrupt practices</subfield><subfield code="v">Cross-cultural studies</subfield></datafield><datafield ind1=" " ind2="7" tag="650"><subfield code="a">Bildungssystem</subfield><subfield code="0">(DE-588)4069467-7</subfield><subfield code="2">gnd</subfield></datafield><datafield ind1=" " ind2="7" tag="650"><subfield code="a">Bildungseinrichtung</subfield><subfield code="0">(DE-588)4145467-4</subfield><subfield code="2">gnd</subfield></datafield><datafield ind1=" " ind2="7" tag="650"><subfield code="a">Verwaltung</subfield><subfield code="0">(DE-588)4063317-2</subfield><subfield code="2">gnd</subfield></datafield><datafield ind1=" " ind2="7" tag="650"><subfield code="a">Internationaler Vergleich</subfield><subfield code="0">(DE-588)4120509-1</subfield><subfield code="2">gnd</subfield></datafield><datafield ind1=" " ind2="7" tag="650"><subfield code="a">Misswirtschaft</subfield><subfield code="0">(DE-588)4352710-3</subfield><subfield code="2">gnd</subfield></datafield><datafield ind1=" " ind2="7" tag="655"><subfield code="a">[Études diverses]</subfield><subfield code="0">(RERO)A022249905</subfield><subfield code="2">rero</subfield></datafield><datafield ind1=" " ind2="7" tag="655"><subfield code="a">Aufsatzsammlung</subfield><subfield code="2">gnd-content</subfield></datafield><datafield ind1="1" ind2=" " tag="700"><subfield code="a">Milley, Peter V.</subfield><subfield code="e">Herausgeber</subfield><subfield code="4">edt</subfield></datafield><datafield ind1="1" ind2=" " tag="700"><subfield code="a">Milley, Peter V.</subfield><subfield code="d">19..-....</subfield><subfield code="0">(IDREF)278403107</subfield><subfield code="4">edt</subfield></datafield><datafield ind1="1" ind2=" " tag="700"><subfield code="6">880-03</subfield><subfield code="a">Samier, Eugénie Angèle</subfield><subfield code="d">1954-</subfield><subfield code="0">(DE-588)140780823</subfield><subfield code="e">Herausgeber</subfield><subfield code="4">edt</subfield></datafield><datafield ind1="1" ind2=" " tag="880"><subfield code="6">700-03</subfield><subfield code="a">Samier, Eugénie Angèle</subfield><subfield code="d">1954-....</subfield><subfield code="0">(IDREF)130445800</subfield></datafield><datafield ind1="4" ind2=" " tag="856"><subfield code="3">Titelblatt und Inhaltsverzeichnis</subfield><subfield code="u">https://toc.library.ethz.ch/objects/pdf03/z01_978-1-138-55663-8_01.pdf</subfield><subfield code="q">pdf</subfield></datafield><datafield ind1=" " ind2=" " tag="900"><subfield code="a">REROnoselfmerge</subfield></datafield><datafield ind1=" " ind2=" " tag="900"><subfield code="a">IDSZ2zbzmon201808f</subfield><subfield code="c">IDSZ2marq</subfield><subfield code="d">IDSZ2zbzswk201810b</subfield><subfield code="e">IDSZ2kara</subfield></datafield><datafield ind1=" " ind2=" " tag="900"><subfield code="a">IDSDSStoppsignal FRED</subfield></datafield><datafield ind1=" " ind2=" " tag="910"><subfield code="a">OCoLC</subfield><subfield code="b">20180607</subfield><subfield code="c">Réutilisation sous conditions: Licence ODC-BY</subfield></datafield><datafield ind1=" " ind2=" " tag="949"><subfield code="a">https://toc.library.ethz.ch/objects/pdf03/z01_978-1-138-55663-8_01.pdf</subfield></datafield></record>
</metadata></record>