<record><header><identifier>oai:alma.41SLSP_UGE:991000027809705502</identifier><datestamp>2023-03-01T01:09:08Z</datestamp><setSpec>uge_bcen_RapidILL_BOOK</setSpec><setSpec>uge_aaca_RapidILL_BOOK</setSpec><setSpec>uge_abels_RapidILL_BOOK</setSpec><setSpec>uge_dbu_RapidILL_BOOK</setSpec><setSpec>uge_cmu_RapidILL_BOOK</setSpec><setSpec>uge_mail_RapidILL_BOOK</setSpec><setSpec>UNIGE_ALL</setSpec><setSpec>uge_abbat_RapidILL_BOOK</setSpec><setSpec>uge_aobs_RapidILL_BOOK</setSpec><setSpec>uge_acar_RapidILL_BOOK</setSpec></header><metadata>
<record xmlns="http://www.loc.gov/MARC21/slim" xmlns:xsi="http://www.w3.org/2001/XMLSchema-instance" xsi:schemaLocation="http://www.loc.gov/MARC21/slim http://www.loc.gov/standards/marcxml/schema/MARC21slim.xsd"><leader>01369nam a2200361 c 4500</leader><controlfield tag="001">991000027809705502</controlfield><controlfield tag="005">20201230223131.0</controlfield><controlfield tag="008">201011s1907    fr ||||| |||| 00| ||fre d</controlfield><datafield ind1=" " ind2=" " tag="019"><subfield code="a">Duval, Rubens (1839-1911)</subfield></datafield><datafield ind1=" " ind2=" " tag="035"><subfield code="a">(swissbib)220633614-41slsp_network</subfield></datafield><datafield ind1=" " ind2=" " tag="035"><subfield code="a">220633614</subfield><subfield code="9">ExL</subfield></datafield><datafield ind1=" " ind2=" " tag="035"><subfield code="a">(RERO)1945364-41slsp</subfield></datafield><datafield ind1=" " ind2=" " tag="035"><subfield code="a">(NEBIS)003342153EBI01</subfield></datafield><datafield ind1=" " ind2=" " tag="035"><subfield code="a">(IDSBB)002923409DSV01</subfield></datafield><datafield ind1=" " ind2=" " tag="035"><subfield code="a">(EXLNZ-41SLSP_NETWORK)991086116849705501</subfield></datafield><datafield ind1=" " ind2=" " tag="040"><subfield code="a">RERO frbcuc</subfield><subfield code="d">CH-ZuSLS</subfield></datafield><datafield ind1=" " ind2="7" tag="072"><subfield code="a">th</subfield><subfield code="2">rero</subfield></datafield><datafield ind1="1" ind2=" " tag="100"><subfield code="a">Duval, Rubens</subfield><subfield code="d">1839-1911</subfield><subfield code="0">(IDREF)033964394</subfield><subfield code="4">cre</subfield></datafield><datafield ind1="1" ind2="0" tag="245"><subfield code="a">&lt;&lt;La&gt;&gt; littérature syriaque</subfield><subfield code="c">par Rubens Duval</subfield></datafield><datafield ind1=" " ind2=" " tag="250"><subfield code="a">3ème éd.</subfield></datafield><datafield ind1=" " ind2="1" tag="264"><subfield code="a">Paris</subfield><subfield code="b">V. Lecoffre</subfield><subfield code="c">1907</subfield></datafield><datafield ind1=" " ind2=" " tag="300"><subfield code="a">XVI, 430 S.</subfield><subfield code="b">Kart.</subfield><subfield code="c">8'</subfield></datafield><datafield ind1=" " ind2=" " tag="336"><subfield code="b">txt</subfield><subfield code="2">rdacontent</subfield></datafield><datafield ind1=" " ind2=" " tag="337"><subfield code="b">n</subfield><subfield code="2">rdamedia</subfield></datafield><datafield ind1=" " ind2=" " tag="338"><subfield code="b">nc</subfield><subfield code="2">rdacarrier</subfield></datafield><datafield ind1="1" ind2=" " tag="490"><subfield code="a">Bibliothèque de l'enseignement de l'histoire ecclésiastique</subfield></datafield><datafield ind1="1" ind2=" " tag="490"><subfield code="a">Anciennes littératures chrétiennes</subfield><subfield code="v">2</subfield></datafield><datafield ind1=" " ind2="7" tag="650"><subfield code="a">littérature chrétienne syriaque</subfield><subfield code="0">(RERO)A010109075</subfield><subfield code="2">rerovoc</subfield></datafield><datafield ind1=" " ind2=" " tag="690"><subfield code="a">Syrische Literatur / Geschichte, Kritik</subfield><subfield code="2">uzb-Z9</subfield></datafield><datafield ind1=" " ind2=" " tag="830"><subfield code="a">Anciennes littératures chrétiennes</subfield><subfield code="v">2</subfield><subfield code="w">(NEBIS)006417774EBI01</subfield></datafield><datafield ind1=" " ind2=" " tag="830"><subfield code="a">Anciennes littératures chrétiennes</subfield><subfield code="v">2</subfield><subfield code="w">(RERO)0671092-41slsp</subfield></datafield><datafield ind1=" " ind2=" " tag="830"><subfield code="a">Bibliothèque de l'enseignement de l'histoire ecclésiastique</subfield><subfield code="w">(RERO)0671091-41slsp</subfield></datafield><datafield ind1=" " ind2=" " tag="900"><subfield code="a">REROnoselfmerge</subfield></datafield><datafield ind1=" " ind2=" " tag="900"><subfield code="a">IDSZRMedeaZBZ</subfield><subfield code="c">IDSZRmurd</subfield></datafield></record>
</metadata></record>