<record><header><identifier>oai:alma.41SLSP_UGE:991000027909705502</identifier><datestamp>2023-03-01T01:09:08Z</datestamp><setSpec>uge_bcen_RapidILL_BOOK</setSpec><setSpec>uge_aaca_RapidILL_BOOK</setSpec><setSpec>uge_abels_RapidILL_BOOK</setSpec><setSpec>uge_dbu_RapidILL_BOOK</setSpec><setSpec>uge_cmu_RapidILL_BOOK</setSpec><setSpec>uge_mail_RapidILL_BOOK</setSpec><setSpec>UNIGE_ALL</setSpec><setSpec>uge_abbat_RapidILL_BOOK</setSpec><setSpec>uge_aobs_RapidILL_BOOK</setSpec><setSpec>uge_acar_RapidILL_BOOK</setSpec></header><metadata>
<record xmlns="http://www.loc.gov/MARC21/slim" xmlns:xsi="http://www.w3.org/2001/XMLSchema-instance" xsi:schemaLocation="http://www.loc.gov/MARC21/slim http://www.loc.gov/standards/marcxml/schema/MARC21slim.xsd"><leader>01111nam a2200301 c 4500</leader><controlfield tag="001">991000027909705502</controlfield><controlfield tag="005">20201225184019.0</controlfield><controlfield tag="008">940208s1993    xxu||||| |||| 00| ||eng d</controlfield><datafield ind1=" " ind2=" " tag="020"><subfield code="a">0253372054</subfield></datafield><datafield ind1="7" ind2=" " tag="024"><subfield code="a">http://catalogue.bnf.fr/ark:/12148/cb35629478q</subfield><subfield code="2">uri</subfield></datafield><datafield ind1=" " ind2=" " tag="035"><subfield code="a">(swissbib)088429733-41slsp_network</subfield></datafield><datafield ind1=" " ind2=" " tag="035"><subfield code="a">088429733</subfield><subfield code="9">ExL</subfield></datafield><datafield ind1=" " ind2=" " tag="035"><subfield code="a">(RERO)1809045-41slsp</subfield></datafield><datafield ind1=" " ind2=" " tag="035"><subfield code="a">(EXLNZ-41SLSP_NETWORK)991075376629705501</subfield></datafield><datafield ind1=" " ind2=" " tag="040"><subfield code="a">RERO frbcuc</subfield><subfield code="d">CH-ZuSLS</subfield></datafield><datafield ind1=" " ind2="7" tag="072"><subfield code="a">ph</subfield><subfield code="2">rero</subfield></datafield><datafield ind1="1" ind2=" " tag="080"><subfield code="a">820(73)&quot;17/18&quot;PEI3</subfield></datafield><datafield ind1="1" ind2=" " tag="080"><subfield code="a">1&quot;1869&quot;Pei1</subfield></datafield><datafield ind1="1" ind2=" " tag="100"><subfield code="a">Peirce, Charles Sanders</subfield><subfield code="d">1839-1914</subfield><subfield code="0">(IDREF)028387023</subfield><subfield code="4">cre</subfield></datafield><datafield ind1="1" ind2="0" tag="245"><subfield code="a">Writings of Charles S. Peirce</subfield><subfield code="n">Vol. 5</subfield><subfield code="p">1884-1886</subfield><subfield code="c">Christian J. W. Kloesel, ed... [et al.]</subfield></datafield><datafield ind1=" " ind2=" " tag="250"><subfield code="a">A chronological ed</subfield></datafield><datafield ind1=" " ind2="1" tag="264"><subfield code="a">Bloomington</subfield><subfield code="b">Indiana University Press</subfield><subfield code="c">1993</subfield></datafield><datafield ind1=" " ind2=" " tag="300"><subfield code="a">XLVIII, 623 p.</subfield><subfield code="b">front.</subfield><subfield code="c">24 cm</subfield></datafield><datafield ind1=" " ind2=" " tag="336"><subfield code="b">txt</subfield><subfield code="2">rdacontent</subfield></datafield><datafield ind1=" " ind2=" " tag="337"><subfield code="b">n</subfield><subfield code="2">rdamedia</subfield></datafield><datafield ind1=" " ind2=" " tag="338"><subfield code="b">nc</subfield><subfield code="2">rdacarrier</subfield></datafield><datafield ind1="1" ind2=" " tag="700"><subfield code="a">Kloesel, Christian J. W</subfield><subfield code="d">1942-....</subfield><subfield code="0">(IDREF)028768353</subfield></datafield><datafield ind1="1" ind2=" " tag="800"><subfield code="a">Peirce, Charles S.</subfield><subfield code="q">Charles Sanders</subfield><subfield code="d">1839-1914</subfield><subfield code="t">Writings of Charles S. Peirce</subfield><subfield code="v">5</subfield><subfield code="w">(RERO)0591230-41slsp</subfield></datafield><datafield ind1=" " ind2=" " tag="900"><subfield code="a">REROnoselfmerge</subfield></datafield></record>
</metadata></record>