<record><header><identifier>oai:alma.41SLSP_UGE:991000027799705502</identifier><datestamp>2024-04-11T00:22:55Z</datestamp><setSpec>uge_bcen_RapidILL_BOOK</setSpec><setSpec>uge_aaca_RapidILL_BOOK</setSpec><setSpec>uge_abels_RapidILL_BOOK</setSpec><setSpec>uge_dbu_RapidILL_BOOK</setSpec><setSpec>uge_cmu_RapidILL_BOOK</setSpec><setSpec>uge_mail_RapidILL_BOOK</setSpec><setSpec>uge_abbat_RapidILL_BOOK</setSpec><setSpec>UNIGE_ALL</setSpec><setSpec>uge_aobs_RapidILL_BOOK</setSpec><setSpec>uge_acar_RapidILL_BOOK</setSpec></header><metadata>
<record xmlns="http://www.loc.gov/MARC21/slim" xmlns:xsi="http://www.w3.org/2001/XMLSchema-instance" xsi:schemaLocation="http://www.loc.gov/MARC21/slim http://www.loc.gov/standards/marcxml/schema/MARC21slim.xsd"><leader>05160nam a2200901 c 4500</leader><controlfield tag="001">991000027799705502</controlfield><controlfield tag="005">20240410142347.0</controlfield><controlfield tag="008">201012s2005    gw            00| | eng|d</controlfield><datafield ind1=" " ind2=" " tag="015"><subfield code="a">GFR-DNB-05,A18,0563</subfield></datafield><datafield ind1="7" ind2=" " tag="016"><subfield code="a">974251828</subfield><subfield code="2">GyFmDB</subfield></datafield><datafield ind1=" " ind2=" " tag="020"><subfield code="a">3883571342</subfield><subfield code="c">gbd.</subfield></datafield><datafield ind1=" " ind2=" " tag="035"><subfield code="a">(swissbib)238234045-41slsp_network</subfield></datafield><datafield ind1=" " ind2=" " tag="035"><subfield code="a">238234045</subfield><subfield code="9">ExL</subfield></datafield><datafield ind1=" " ind2=" " tag="035"><subfield code="a">(IDSLU)000431092ILU01</subfield></datafield><datafield ind1=" " ind2=" " tag="035"><subfield code="a">(IDSSG)000342097HSB01</subfield></datafield><datafield ind1=" " ind2=" " tag="035"><subfield code="a">(RERO)R003927272-41slsp</subfield></datafield><datafield ind1=" " ind2=" " tag="035"><subfield code="a">(IDSBB)003613735DSV01</subfield></datafield><datafield ind1=" " ind2=" " tag="035"><subfield code="a">(NEBIS)005012413EBI01</subfield></datafield><datafield ind1=" " ind2=" " tag="035"><subfield code="a">(EXLNZ-41SLSP_NETWORK)991082687599705501</subfield></datafield><datafield ind1=" " ind2=" " tag="040"><subfield code="a">DDB</subfield><subfield code="e">kids</subfield><subfield code="d">CH-ZuSLS</subfield></datafield><datafield ind1=" " ind2="7" tag="072"><subfield code="a">810</subfield><subfield code="2">IDS LU</subfield></datafield><datafield ind1=" " ind2="7" tag="072"><subfield code="a">dr</subfield><subfield code="2">rero</subfield></datafield><datafield ind1=" " ind2="7" tag="072"><subfield code="a">rw</subfield><subfield code="2">SzZuIDS BS/BE</subfield></datafield><datafield ind1="0" ind2="4" tag="082"><subfield code="a">341.48</subfield><subfield code="2">22</subfield></datafield><datafield ind1="0" ind2="4" tag="082"><subfield code="a">341.4/8/026/5</subfield><subfield code="2">22</subfield></datafield><datafield ind1="0" ind2="4" tag="082"><subfield code="a">341.4/81</subfield><subfield code="2">20</subfield></datafield><datafield ind1="0" ind2="4" tag="082"><subfield code="a">340</subfield></datafield><datafield ind1="0" ind2="4" tag="082"><subfield code="a">341.4810265</subfield></datafield><datafield ind1="1" ind2="4" tag="082"><subfield code="a">340</subfield><subfield code="2">15</subfield></datafield><datafield ind1=" " ind2=" " tag="084"><subfield code="a">D 18 b</subfield><subfield code="2">cjurrom</subfield></datafield><datafield ind1=" " ind2=" " tag="084"><subfield code="a">PR 2213</subfield><subfield code="2">rvk</subfield></datafield><datafield ind1="1" ind2=" " tag="100"><subfield code="a">Nowak, Manfred</subfield><subfield code="6">880-01</subfield></datafield><datafield ind1="1" ind2=" " tag="880"><subfield code="6">100-01</subfield><subfield code="a">Nowak, Manfred</subfield><subfield code="d">1950-....</subfield><subfield code="0">(IDREF)031665128</subfield><subfield code="4">cre</subfield></datafield><datafield ind1="1" ind2=" " tag="880"><subfield code="a">Nowak, Manfred</subfield><subfield code="d">1950-</subfield><subfield code="0">(DE-588)133446859</subfield><subfield code="6">100-01</subfield></datafield><datafield ind1="1" ind2="0" tag="245"><subfield code="a">U.N. covenant on civil and political rights</subfield><subfield code="b">CCPR commentary</subfield><subfield code="c">Manfred Nowak</subfield></datafield><datafield ind1="1" ind2="3" tag="246"><subfield code="a">UN covenant on civil and political rights</subfield></datafield><datafield ind1="1" ind2="3" tag="246"><subfield code="a">CCPR Commentary</subfield></datafield><datafield ind1=" " ind2=" " tag="250"><subfield code="a">2nd, revised ed.</subfield></datafield><datafield ind1=" " ind2="1" tag="264"><subfield code="a">Kehl</subfield><subfield code="b">N.P. Engel</subfield><subfield code="c">2005</subfield></datafield><datafield ind1=" " ind2=" " tag="300"><subfield code="a">XXXIX, 1277 p.</subfield><subfield code="c">23 cm</subfield></datafield><datafield ind1=" " ind2=" " tag="336"><subfield code="b">txt</subfield><subfield code="2">rdacontent</subfield></datafield><datafield ind1=" " ind2=" " tag="337"><subfield code="b">n</subfield><subfield code="2">rdamedia</subfield></datafield><datafield ind1=" " ind2=" " tag="338"><subfield code="b">nc</subfield><subfield code="2">rdacarrier</subfield></datafield><datafield ind1=" " ind2=" " tag="500"><subfield code="a">Enth. auch den Abkommenstext</subfield></datafield><datafield ind1=" " ind2=" " tag="500"><subfield code="a">Titre au dos du livre: CCPR commentary</subfield></datafield><datafield ind1=" " ind2=" " tag="500"><subfield code="a">Traité. 1966. New York. Commentaire</subfield></datafield><datafield ind1=" " ind2=" " tag="504"><subfield code="a">Bibliogr.</subfield></datafield><datafield ind1="0" ind2="7" tag="630"><subfield code="a">International Covenant on Civil and Political Rights</subfield><subfield code="f">1966 Dezember 19</subfield><subfield code="0">(DE-588)4202902-8</subfield><subfield code="2">gnd</subfield></datafield><datafield ind1="0" ind2="7" tag="630"><subfield code="a">Internationaler Pakt über bürgerliche und politische Rechte</subfield><subfield code="2">idszbz</subfield></datafield><datafield ind1="0" ind2="0" tag="630"><subfield code="a">International Covenant on Civil and Political Rights</subfield></datafield><datafield ind1="0" ind2="0" tag="630"><subfield code="a">International Covenant on Civil and Political Rights</subfield><subfield code="k">Protocols, etc</subfield></datafield><datafield ind1=" " ind2="7" tag="650"><subfield code="a">UNO-Pakt I</subfield><subfield code="9">ger</subfield><subfield code="0">(RERO)jurivoc000023734ger</subfield><subfield code="2">jurivoc</subfield></datafield><datafield ind1=" " ind2="7" tag="650"><subfield code="a">Grundrecht</subfield><subfield code="9">ger</subfield><subfield code="0">(RERO)jurivoc000010415ger</subfield><subfield code="2">jurivoc</subfield></datafield><datafield ind1=" " ind2="7" tag="650"><subfield code="a">Droit international</subfield><subfield code="0">(IDREF)050627597</subfield><subfield code="2">idref</subfield></datafield><datafield ind1=" " ind2="7" tag="650"><subfield code="a">Droits civils et politiques</subfield><subfield code="0">(IDREF)027848922</subfield><subfield code="2">idref</subfield></datafield><datafield ind1=" " ind2="7" tag="650"><subfield code="a">Droits de l'homme</subfield><subfield code="0">(IDREF)027466957</subfield><subfield code="2">idref</subfield></datafield><datafield ind1=" " ind2="7" tag="650"><subfield code="a">Grundrechte</subfield><subfield code="x">UNO</subfield><subfield code="v">Kommentar</subfield><subfield code="2">idsbb</subfield></datafield><datafield ind1=" " ind2="7" tag="650"><subfield code="a">UNO</subfield><subfield code="x">Grundrechte</subfield><subfield code="v">Kommentar</subfield><subfield code="2">idsbb</subfield></datafield><datafield ind1=" " ind2="0" tag="650"><subfield code="a">Civil rights</subfield></datafield><datafield ind1=" " ind2="0" tag="650"><subfield code="a">Political rights</subfield></datafield><datafield ind1=" " ind2="7" tag="655"><subfield code="a">Kommentar(Werk)</subfield><subfield code="9">ger</subfield><subfield code="2">jurivoc</subfield><subfield code="0">(RERO)jurivoc000013038ger</subfield></datafield><datafield ind1=" " ind2="7" tag="655"><subfield code="a">Textreproduktion</subfield><subfield code="9">ger</subfield><subfield code="2">jurivoc</subfield><subfield code="0">(RERO)jurivoc000022433ger</subfield></datafield><datafield ind1=" " ind2="7" tag="655"><subfield code="a">Manuels d'enseignement</subfield><subfield code="0">(IDREF)027446514</subfield><subfield code="2">idref</subfield></datafield><datafield ind1=" " ind2="7" tag="655"><subfield code="a">Kommentar</subfield><subfield code="2">gnd-content</subfield></datafield><datafield ind1=" " ind2=" " tag="690"><subfield code="a">Alien; Tabellenwerk; Ausschuss</subfield><subfield code="2">idssg-J</subfield></datafield><datafield ind1=" " ind2=" " tag="690"><subfield code="a">Fakultativprotokoll; Staatenbericht; Kolonialvolk; Menschenrechtsausschuss; Schlichtungskommission; Bewegungsfreiheit; Kommunikationsverfahren; Notstand; Petitionsrecht; Sacheverfahren; Strafgesetz; Vereinigungsfreiheit; Verfahrensgarantie; Zulässigkeitsverfahren; Amtszeit; Ausschussmitglied; Konzernleitlinie; Rechtspersönlichkeit; Schlussbestimmung; Selbstbestimmung; Sonderberichterstatter; Stellungnahme; Vollzugsbestimmung</subfield><subfield code="2">idssg-J</subfield></datafield><datafield ind1=" " ind2=" " tag="690"><subfield code="a">anderes Verfahren; bürgerlicher Rechter; politisch CCPR; politische Präambel; allgemeine Bestimmung; allgemeiner Kommentar; ausgewogene Zusammensetzung; authentischer Text; chronologische Liste; einzeln Communications; einzelnes Kommunikationsverfahren; erste Auflage; erstes Fakultativprotokoll; feierliche Erklärung; innerstaatliche Umsetzung; innerstaatliches Verbot; internationaler Pakt; internationales Verfahren; internationale Vollzugsbestimmung; natürlicher Reichtum; natürliche Ressource; neu Communications; persönliche Mitteilung; politischer Rechter; recht CCPR; rechte Präambel; rückwirkendes Strafgesetz; staatlicher Bericht; subjektiver Rechter; vereinte Nation; willkürliche Vertreibung; zulässige Abweichung; zweite Auflage; zweites Fakultativprotokoll; zwischenstaatliche Kommunikation; öffentlicher Notstand; überarbeitete Auflage</subfield><subfield code="2">idssg-J</subfield></datafield><datafield ind1=" " ind2=" " tag="690"><subfield code="a">Österreich C4EUAU; Deutschland C4EUGE; Vereinte Nationen C00WOR</subfield><subfield code="2">idssg-J</subfield></datafield><datafield ind1=" " ind2=" " tag="690"><subfield code="a">Auflage Manfred Nowak Direktor; Folter Engel Vorwort; General Comments; Ludwig Boltzmann; Reservierung Erklärungen Hinweise; Teil Allgemeine Bestimmungen Kunst; Teil Internationale Vollzugsbestimmungen Kunst; Teil Schlussbestimmungen Kunst; Teil Subjektive Rechte Kunst; Universität Wien UNSonderberichterstatter</subfield><subfield code="2">idssg-J</subfield></datafield><datafield ind1=" " ind2=" " tag="691"><subfield code="e">PD 18</subfield><subfield code="2">rzs-L1</subfield></datafield><datafield ind1=" " ind2=" " tag="691"><subfield code="e">PC 37.1</subfield><subfield code="2">rzs-L1</subfield></datafield><datafield ind1="1" ind2="2" tag="700"><subfield code="a">Nowak, Manfred</subfield><subfield code="d">1950-</subfield><subfield code="t">UN Covenant on Civil and Political Rights</subfield></datafield><datafield ind1="1" ind2="2" tag="700"><subfield code="a">Nowak, Manfred</subfield><subfield code="d">1950-</subfield><subfield code="t">CCPR commentary</subfield></datafield><datafield ind1="2" ind2=" " tag="710"><subfield code="a">Vereinte Nationen</subfield><subfield code="0">(DE-588)333-5</subfield></datafield><datafield ind1="4" ind2=" " tag="856"><subfield code="3">Inhaltsverzeichnis</subfield><subfield code="u">https://www.ub.unibas.ch/tox/HBZ/HT014517310/PDF</subfield><subfield code="q">pdf</subfield></datafield><datafield ind1=" " ind2=" " tag="900"><subfield code="a">IDSE5E51ANH-2007</subfield></datafield><datafield ind1=" " ind2=" " tag="900"><subfield code="a">IDSZ2zbzmon200508f</subfield><subfield code="c">IDSZ2meyc</subfield><subfield code="d">IDSZ2zbzswk200508b</subfield><subfield code="e">IDSZ2bruu</subfield></datafield><datafield ind1=" " ind2=" " tag="900"><subfield code="a">IDSZ2ivrmon200509l</subfield><subfield code="c">IDSZ2bice 050929</subfield><subfield code="d">IDSZ2ivrswk200509u</subfield></datafield><datafield ind1=" " ind2=" " tag="949"><subfield code="a">https://www.ub.unibas.ch/tox/HBZ/HT014517310/PDF</subfield></datafield></record>
</metadata></record>