<record><header><identifier>oai:alma.41SLSP_UGE:991000027819705502</identifier><datestamp>2023-04-12T00:11:03Z</datestamp><setSpec>uge_bcen_RapidILL_BOOK</setSpec><setSpec>uge_aaca_RapidILL_BOOK</setSpec><setSpec>uge_abels_RapidILL_BOOK</setSpec><setSpec>uge_dbu_RapidILL_BOOK</setSpec><setSpec>uge_cmu_RapidILL_BOOK</setSpec><setSpec>uge_mail_RapidILL_BOOK</setSpec><setSpec>uge_abbat_RapidILL_BOOK</setSpec><setSpec>UNIGE_ALL</setSpec><setSpec>uge_acar_RapidILL_BOOK</setSpec><setSpec>uge_aobs_RapidILL_BOOK</setSpec></header><metadata>
<record xmlns="http://www.loc.gov/MARC21/slim" xmlns:xsi="http://www.w3.org/2001/XMLSchema-instance" xsi:schemaLocation="http://www.loc.gov/MARC21/slim http://www.loc.gov/standards/marcxml/schema/MARC21slim.xsd"><leader>02982nam a2200685 c 4500</leader><controlfield tag="001">991000027819705502</controlfield><controlfield tag="005">20230411165127.0</controlfield><controlfield tag="008">201012s2010    fr ||||| |||| 10| ||fre d</controlfield><datafield ind1=" " ind2=" " tag="019"><subfield code="a">!! Notices analytiques !!</subfield><subfield code="5">RERO/geheid/07.2010</subfield></datafield><datafield ind1=" " ind2=" " tag="020"><subfield code="a">9782233005953</subfield></datafield><datafield ind1=" " ind2=" " tag="020"><subfield code="a">2233005953</subfield></datafield><datafield ind1=" " ind2=" " tag="035"><subfield code="a">(swissbib)238721558-41slsp_network</subfield></datafield><datafield ind1=" " ind2=" " tag="035"><subfield code="a">238721558</subfield><subfield code="9">ExL</subfield></datafield><datafield ind1=" " ind2=" " tag="035"><subfield code="a">(RERO)R005498916-41slsp</subfield></datafield><datafield ind1=" " ind2=" " tag="035"><subfield code="a">(NEBIS)006599656EBI01</subfield></datafield><datafield ind1=" " ind2=" " tag="035"><subfield code="a">(OCoLC)716524572</subfield></datafield><datafield ind1=" " ind2=" " tag="035"><subfield code="a">(EXLNZ-41SLSP_NETWORK)991106725899705501</subfield></datafield><datafield ind1=" " ind2=" " tag="040"><subfield code="a">RERO geheid</subfield><subfield code="d">CH-ZuSLS</subfield></datafield><datafield ind1=" " ind2=" " tag="050"><subfield code="a">KZ3700</subfield><subfield code="b">.A28 2010</subfield></datafield><datafield ind1=" " ind2="7" tag="072"><subfield code="a">dr</subfield><subfield code="2">rero</subfield></datafield><datafield ind1="1" ind2="4" tag="082"><subfield code="a">341</subfield><subfield code="2">1</subfield></datafield><datafield ind1=" " ind2=" " tag="084"><subfield code="a">D 23.4 e</subfield><subfield code="2">cjurrom</subfield></datafield><datafield ind1="0" ind2="0" tag="245"><subfield code="a">Actualité du droit des fleuves internationaux</subfield><subfield code="b">actes des journées d'étude des 24 et 25 octobre 2008</subfield><subfield code="c">sous la direction de Bodgan Aurescu... [et al.]</subfield></datafield><datafield ind1=" " ind2="1" tag="264"><subfield code="a">Paris</subfield><subfield code="b">Pedone</subfield><subfield code="c">2010</subfield></datafield><datafield ind1=" " ind2=" " tag="300"><subfield code="a">308 p.</subfield></datafield><datafield ind1=" " ind2=" " tag="336"><subfield code="b">txt</subfield><subfield code="2">rdacontent</subfield></datafield><datafield ind1=" " ind2=" " tag="337"><subfield code="b">n</subfield><subfield code="2">rdamedia</subfield></datafield><datafield ind1=" " ind2=" " tag="338"><subfield code="b">nc</subfield><subfield code="2">rdacarrier</subfield></datafield><datafield ind1="1" ind2=" " tag="490"><subfield code="a">Cahiers internationaux</subfield><subfield code="v">no 22</subfield></datafield><datafield ind1=" " ind2=" " tag="500"><subfield code="a">Actes des journées d'étude franco-roumaine sur &quot;l'actualité du droit des fleuves internationaux&quot; qui se sont tenues à Paris les 24 et 25 octobre 2008.</subfield></datafield><datafield ind1=" " ind2="7" tag="650"><subfield code="a">Eaux continentales</subfield><subfield code="0">(IDREF)027690938</subfield><subfield code="2">idref</subfield></datafield><datafield ind1=" " ind2="7" tag="650"><subfield code="a">Droit comparé</subfield><subfield code="0">(IDREF)027741451</subfield><subfield code="2">idref</subfield></datafield><datafield ind1=" " ind2="7" tag="650"><subfield code="a">Écologie des cours d'eau</subfield><subfield code="0">(IDREF)027458032</subfield><subfield code="2">idref</subfield></datafield><datafield ind1=" " ind2="7" tag="650"><subfield code="a">Droit international</subfield><subfield code="0">(IDREF)050627597</subfield><subfield code="2">idref</subfield></datafield><datafield ind1=" " ind2="7" tag="650"><subfield code="a">Coopération internationale</subfield><subfield code="0">(IDREF)027463710</subfield><subfield code="2">idref</subfield></datafield><datafield ind1=" " ind2="7" tag="650"><subfield code="a">Cours d'eau internationaux</subfield><subfield code="0">(IDREF)027852148</subfield><subfield code="2">idref</subfield></datafield><datafield ind1=" " ind2="7" tag="650"><subfield code="a">Pollution</subfield><subfield code="0">(IDREF)027243206</subfield><subfield code="2">idref</subfield></datafield><datafield ind1=" " ind2="7" tag="650"><subfield code="a">Fluss</subfield><subfield code="2">idszbz</subfield></datafield><datafield ind1=" " ind2="7" tag="650"><subfield code="a">Gewässerschutz</subfield><subfield code="2">idszbz</subfield></datafield><datafield ind1=" " ind2="7" tag="650"><subfield code="a">Umweltverschmutzung</subfield><subfield code="2">idszbz</subfield></datafield><datafield ind1=" " ind2="7" tag="650"><subfield code="a">Völkerrecht</subfield><subfield code="2">idszbz</subfield></datafield><datafield ind1=" " ind2="7" tag="650"><subfield code="a">Internationaler Vergleich</subfield><subfield code="2">idszbz</subfield></datafield><datafield ind1=" " ind2="6" tag="650"><subfield code="a">Cours d'eau internationaux</subfield><subfield code="v">Congrès</subfield></datafield><datafield ind1=" " ind2="6" tag="650"><subfield code="a">Lacs internationaux</subfield><subfield code="v">Congrès</subfield></datafield><datafield ind1=" " ind2="6" tag="650"><subfield code="a">Droits sur les eaux (Droit international)</subfield><subfield code="v">Congrès</subfield></datafield><datafield ind1=" " ind2="7" tag="651"><subfield code="a">France</subfield><subfield code="0">(IDREF)027226794</subfield><subfield code="2">idref</subfield></datafield><datafield ind1=" " ind2="7" tag="651"><subfield code="a">Roumanie</subfield><subfield code="0">(IDREF)027262952</subfield><subfield code="2">idref</subfield></datafield><datafield ind1=" " ind2="7" tag="651"><subfield code="a">Danube (cours d'eau)</subfield><subfield code="0">(IDREF)027460002</subfield><subfield code="2">idref</subfield></datafield><datafield ind1=" " ind2="7" tag="651"><subfield code="a">Rumänien</subfield><subfield code="2">idszbz</subfield></datafield><datafield ind1=" " ind2="6" tag="651"><subfield code="a">Danube (Fleuve)</subfield><subfield code="v">Congrès</subfield></datafield><datafield ind1=" " ind2="7" tag="655"><subfield code="a">Actes de congrès</subfield><subfield code="0">(IDREF)02886431X</subfield><subfield code="2">idref</subfield></datafield><datafield ind1=" " ind2="7" tag="655"><subfield code="a">Aufsatzsammlung</subfield><subfield code="2">idszbz</subfield></datafield><datafield ind1=" " ind2="7" tag="655"><subfield code="a">Konferenzschrift</subfield><subfield code="z">Paris</subfield><subfield code="y">2008</subfield><subfield code="2">gnd-content</subfield></datafield><datafield ind1="1" ind2=" " tag="700"><subfield code="a">Aurescu, Bogdan</subfield><subfield code="d">19..-....</subfield><subfield code="0">(IDREF)145598233</subfield><subfield code="4">edt</subfield></datafield><datafield ind1="2" ind2=" " tag="710"><subfield code="a">Centre de droit international (Nanterre)</subfield><subfield code="b">Journées d'étude franco-roumaine</subfield><subfield code="d">2008</subfield><subfield code="c">Paris</subfield><subfield code="0">(RERO)A018648850</subfield></datafield><datafield ind1="4" ind2=" " tag="856"><subfield code="3">Titelblatt und Inhaltsverzeichnis</subfield><subfield code="u">https://toc.library.ethz.ch/objects/pdf/z16_978-2-233-00595-3_01.pdf</subfield><subfield code="q">pdf</subfield></datafield><datafield ind1=" " ind2="0" tag="830"><subfield code="a">Cahiers internationaux</subfield><subfield code="v">22</subfield><subfield code="w">(NEBIS)005585929EBI01</subfield></datafield><datafield ind1=" " ind2="0" tag="830"><subfield code="a">Cahiers du CEDIN</subfield><subfield code="v">22</subfield><subfield code="w">(RERO)0868073-41slsp</subfield></datafield><datafield ind1=" " ind2=" " tag="900"><subfield code="a">REROnoselfmerge</subfield></datafield><datafield ind1=" " ind2=" " tag="900"><subfield code="a">IDSZ2rwimon201110f</subfield><subfield code="c">IDSZ2bice 111012</subfield><subfield code="d">IDSZ2rwiswk201111b</subfield><subfield code="e">IDSZ2basc</subfield></datafield><datafield ind1=" " ind2=" " tag="949"><subfield code="a">https://toc.library.ethz.ch/objects/pdf/z16_978-2-233-00595-3_01.pdf</subfield></datafield></record>
</metadata></record>